{"play_id":"d312a49d-85a7-4b31-8ded-f22e3878048e","build_version":"2020-01-27","seed_played":"4246051945143476263","chose_seed":false,"seed_source_timestamp":3301306301298,"is_daily":false,"special_seed":null,"is_trial":false,"is_endless":false,"is_ascension_mode":true,"ascension_level":8,"neow_bonus":"THREE_ENEMY_KILL","neow_cost":"NONE","is_beta":false,"is_prod":false,"victory":false,"floor_reached":16,"score":246,"timestamp":1699276546,"local_time":"11/06/2023 13:15:46","playtime":458,"player_experience":319946,"master_deck":["Strike_P","Strike_P","Strike_P","Strike_P","Defend_P","Defend_P","Defend_P","Defend_P","Eruption+1","Vigilance","FearNoEvil","Adaptation+1","ClearTheMind","Protect","Collect+1"],"relics":["PureWater","NeowsBlessing","Vajra","Omamori","Dead Branch","Dream Catcher","Potion Belt","Juzu Bracelet"],"gold":288,"campfire_rested":0,"campfire_upgraded":3,"purchased_purges":1,"potions_floor_spawned":[1,11,14],"potions_floor_usage":[14],"current_hp_per_floor":[65,54,54,54,54,54,54,54,54,28,28,28,28,19,19,0],"max_hp_per_floor":[72,72,72,72,72,72,72,72,72,72,72,72,72,72,72,72],"gold_per_floor":[115,190,365,15,115,150,150,180,205,234,245,259,259,288,288,288],"path_per_floor":["M","?","?","$","?","E","R","E","T","E","M","M","R","E","R","B"],"path_taken":["M","?","?","$","?","E","R","E","T","E","?","M","R","E","R","BOSS"],"items_purchased":["Vajra","Adaptation","ClearTheMind"],"item_purchase_floors":[4,4,4],"items_purged":["Doubt"],"items_purged_floors":[4],"character_chosen":"WATCHER","card_choices":[{"picked":"FearNoEvil","not_picked":["Swivel","Conclude"],"floor":1},{"picked":"SKIP","not_picked":["FlyingSleeves","CutThroughFate","Evaluate"],"floor":6},{"picked":"SKIP","not_picked":["SashWhip","SandsOfTime","SpiritShield"],"floor":8},{"picked":"SKIP","not_picked":["Prostrate","Wireheading","MentalFortress"],"floor":10},{"picked":"Protect","not_picked":["ClearTheMind","MentalFortress"],"floor":11},{"picked":"Collect","not_picked":["ForeignInfluence","PathToVictory"],"floor":12},{"picked":"SKIP","not_picked":["Study","FlyingSleeves","CutThroughFate"],"floor":14}],"event_choices":[{"event_name":"World of Goop","player_choice":"Gather Gold","floor":2,"cards_obtained":null,"cards_removed":null,"cards_transformed":null,"cards_upgraded":null,"relics_obtained":null,"potions_obtained":null,"relics_lost":null,"damage_taken":11,"damage_healed":0,"max_hp_loss":0,"max_hp_gain":0,"gold_gain":75,"gold_loss":0},{"event_name":"Liars Game","player_choice":"AGREE","floor":3,"cards_obtained":["Doubt"],"cards_removed":null,"cards_transformed":null,"cards_upgraded":null,"relics_obtained":null,"potions_obtained":null,"relics_lost":null,"damage_taken":0,"damage_healed":0,"max_hp_loss":0,"max_hp_gain":0,"gold_gain":175,"gold_loss":0},{"event_name":"Wheel of Change","player_choice":"Gold","floor":5,"cards_obtained":null,"cards_removed":null,"cards_transformed":null,"cards_upgraded":null,"relics_obtained":null,"potions_obtained":null,"relics_lost":null,"damage_taken":0,"damage_healed":0,"max_hp_loss":0,"max_hp_gain":0,"gold_gain":100,"gold_loss":0}],"boss_relics":[],"damage_taken":[{"floor":1,"enemies":"Small Slimes","damage":0,"turns":1},{"floor":6,"enemies":"Lagavulin","damage":0,"turns":1},{"floor":8,"enemies":"3 Sentries","damage":0,"turns":2},{"floor":10,"enemies":"Gremlin Nob","damage":26,"turns":4},{"floor":11,"enemies":"2 Louse","damage":0,"turns":2},{"floor":12,"enemies":"Cultist","damage":0,"turns":2},{"floor":14,"enemies":"3 Sentries","damage":9,"turns":7},{"floor":16,"enemies":"The Guardian","damage":24,"turns":2}],"potions_obtained":[{"key":"LiquidBronze","floor":1},{"key":"LiquidMemories","floor":11},{"key":"SmokeBomb","floor":14}],"relics_obtained":[{"key":"Omamori","floor":6},{"key":"Dead Branch","floor":8},{"key":"Dream Catcher","floor":9},{"key":"Potion Belt","floor":10},{"key":"Juzu Bracelet","floor":14}],"campfire_choices":[{"floor":7,"key":"SMITH","data":"Eruption"},{"floor":13,"key":"SMITH","data":"Collect"},{"floor":15,"key":"SMITH","data":"Adaptation"}],"circlet_count":0,"win_rate":0,"killed_by":"The Guardian"}