{"play_id":"0a5b456e-dfab-46a4-8961-771d95bb9d41","build_version":"2020-01-27","seed_played":"6961860814590542288","chose_seed":false,"seed_source_timestamp":3246845707145,"is_daily":false,"special_seed":null,"is_trial":false,"is_endless":false,"is_ascension_mode":true,"ascension_level":8,"neow_bonus":"ONE_RANDOM_RARE_CARD","neow_cost":"NONE","is_beta":false,"is_prod":false,"victory":false,"floor_reached":40,"score":672,"timestamp":1699271726,"local_time":"11/06/2023 11:55:26","playtime":2359,"player_experience":317303,"master_deck":["Defend_P+1","Vigilance+1","MasterReality+1","Perseverance+1","BattleHymn+1","Collect+1","ThirdEye","Worship+1","Brilliance","FlyingSleeves+1","Meditate+1","DeusExMachina+1","LikeWater+1","FearNoEvil","BattleHymn","Vault+1","Writhe"],"relics":["HolyWater","Ornamental Fan","Bronze Scales","GoldenEye","Meat on the Bone","Nunchaku","Astrolabe","Regal Pillow","Question Card","Lizard Tail","War Paint","Vajra","MealTicket"],"gold":36,"campfire_rested":0,"campfire_upgraded":6,"purchased_purges":3,"potions_floor_spawned":[8,16,18,27,35],"potions_floor_usage":[14,24,24,33,40],"current_hp_per_floor":[63,63,63,61,61,56,56,49,49,37,37,37,37,47,47,47,66,59,59,38,38,38,38,31,25,25,24,24,34,34,34,34,48,66,44,44,37,37,55,0],"max_hp_per_floor":[72,72,72,72,72,72,72,72,72,72,72,72,72,72,72,72,72,72,72,72,72,72,72,72,72,72,72,72,72,72,72,72,72,72,72,72,72,72,72,72],"gold_per_floor":[119,119,42,61,61,96,96,109,109,109,179,179,195,225,225,326,326,338,120,140,140,40,40,73,87,87,114,213,223,223,98,98,195,195,205,165,182,36,36,36],"path_per_floor":["M","?","$","M","?","E","R","M","T","?","T","R","M","E","R","B",null,"M","$","M","T","$","R","E","M","T","E","?","M","R","$","R","B",null,"M","?","M","$","?","E"],"path_taken":["M","?","?","M","?","E","R","M","T","?","?","R","?","E","R","BOSS","M","?","?","?","$","R","E","M","T","E","?","M","R","?","R","BOSS","M","?","M","?","?","E"],"items_purchased":["BattleHymn","Regal Pillow","MealTicket"],"item_purchase_floors":[3,19,38],"items_purged":["Eruption","Strike_P","Defend_P"],"items_purged_floors":[19,22,31],"character_chosen":"WATCHER","card_choices":[{"picked":"Perseverance","not_picked":["ThirdEye","WaveOfTheHand"],"floor":1},{"picked":"Collect","not_picked":["Prostrate","ClearTheMind"],"floor":4},{"picked":"SKIP","not_picked":["PathToVictory","BattleHymn","SandsOfTime"],"floor":6},{"picked":"SKIP","not_picked":["CrushJoints","FollowUp","Study"],"floor":8},{"picked":"ThirdEye","not_picked":["Consecrate","EmptyBody"],"floor":13},{"picked":"Worship","not_picked":["SashWhip","PathToVictory"],"floor":14},{"picked":"Brilliance","not_picked":["Wish","Vault"],"floor":16},{"picked":"SKIP","not_picked":["Consecrate","EmptyFist","Collect"],"floor":18},{"picked":"LikeWater","not_picked":["Protect+1","ThirdEye"],"floor":20},{"picked":"SKIP","not_picked":["FlyingSleeves","Evaluate+1","WindmillStrike+1","BattleHymn"],"floor":24},{"picked":"FearNoEvil","not_picked":["FlyingSleeves","CrushJoints","WreathOfFlame"],"floor":25},{"picked":"SKIP","not_picked":["CutThroughFate","Wish","Evaluate","CrushJoints"],"floor":27},{"picked":"BattleHymn","not_picked":["CutThroughFate","Prostrate","ClearTheMind"],"floor":29},{"picked":"Vault","not_picked":["Ragnarok","ConjureBlade","Blasphemy"],"floor":33},{"picked":"SKIP","not_picked":["PathToVictory","Evaluate+1","BowlingBash+1","FlyingSleeves+1"],"floor":35},{"picked":"SKIP","not_picked":["Weave","Consecrate+1","Halt+1","CutThroughFate"],"floor":37}],"event_choices":[{"event_name":"Purifier","player_choice":"Purged","floor":2,"cards_obtained":null,"cards_removed":["Strike_P"],"cards_transformed":null,"cards_upgraded":null,"relics_obtained":null,"potions_obtained":null,"relics_lost":null,"damage_taken":0,"damage_healed":0,"max_hp_loss":0,"max_hp_gain":0,"gold_gain":0,"gold_loss":0},{"event_name":"Living Wall","player_choice":"Forget","floor":5,"cards_obtained":null,"cards_removed":["Defend_P"],"cards_transformed":null,"cards_upgraded":null,"relics_obtained":null,"potions_obtained":null,"relics_lost":null,"damage_taken":0,"damage_healed":0,"max_hp_loss":0,"max_hp_gain":0,"gold_gain":0,"gold_loss":0},{"event_name":"Scrap Ooze","player_choice":"Success","floor":10,"cards_obtained":null,"cards_removed":null,"cards_transformed":null,"cards_upgraded":null,"relics_obtained":["GoldenEye"],"potions_obtained":null,"relics_lost":null,"damage_taken":12,"damage_healed":0,"max_hp_loss":0,"max_hp_gain":0,"gold_gain":0,"gold_loss":0},{"event_name":"Nest","player_choice":"Stole From Cult","floor":28,"cards_obtained":null,"cards_removed":null,"cards_transformed":null,"cards_upgraded":null,"relics_obtained":null,"potions_obtained":null,"relics_lost":null,"damage_taken":0,"damage_healed":0,"max_hp_loss":0,"max_hp_gain":0,"gold_gain":99,"gold_loss":0},{"event_name":"Designer","player_choice":"Upgrade","floor":36,"cards_obtained":null,"cards_removed":null,"cards_transformed":null,"cards_upgraded":["Vault"],"relics_obtained":null,"potions_obtained":null,"relics_lost":null,"damage_taken":0,"damage_healed":0,"max_hp_loss":0,"max_hp_gain":0,"gold_gain":0,"gold_loss":40},{"event_name":"Winding Halls","player_choice":"Writhe","floor":39,"cards_obtained":["Writhe"],"cards_removed":null,"cards_transformed":null,"cards_upgraded":null,"relics_obtained":null,"potions_obtained":null,"relics_lost":null,"damage_taken":0,"damage_healed":18,"max_hp_loss":0,"max_hp_gain":0,"gold_gain":0,"gold_loss":0}],"boss_relics":[{"picked":"Astrolabe","not_picked":["Ectoplasm","Velvet Choker"]},{"picked":"HolyWater","not_picked":["Coffee Dripper","VioletLotus"]}],"damage_taken":[{"floor":1,"enemies":"Small Slimes","damage":2,"turns":5},{"floor":4,"enemies":"Cultist","damage":2,"turns":3},{"floor":6,"enemies":"Lagavulin","damage":5,"turns":7},{"floor":8,"enemies":"2 Louse","damage":7,"turns":3},{"floor":13,"enemies":"Large Slime","damage":12,"turns":3},{"floor":14,"enemies":"3 Sentries","damage":2,"turns":8},{"floor":16,"enemies":"Slime Boss","damage":0,"turns":6},{"floor":18,"enemies":"Chosen","damage":7,"turns":3},{"floor":20,"enemies":"2 Thieves","damage":21,"turns":4},{"floor":24,"enemies":"Slavers","damage":19,"turns":6},{"floor":25,"enemies":"Centurion and Healer","damage":18,"turns":4},{"floor":27,"enemies":"Gremlin Leader","damage":13,"turns":6},{"floor":29,"enemies":"Cultist and Chosen","damage":2,"turns":5},{"floor":33,"enemies":"Champ","damage":49,"turns":8},{"floor":35,"enemies":"3 Darklings","damage":22,"turns":6},{"floor":37,"enemies":"Orb Walker","damage":7,"turns":3},{"floor":40,"enemies":"Reptomancer","damage":77,"turns":2}],"potions_obtained":[{"key":"EssenceOfSteel","floor":8},{"key":"BlessingOfTheForge","floor":16},{"key":"SkillPotion","floor":18},{"key":"Regen Potion","floor":27},{"key":"PowerPotion","floor":35}],"relics_obtained":[{"key":"Ornamental Fan","floor":6},{"key":"Bronze Scales","floor":9},{"key":"Meat on the Bone","floor":11},{"key":"Nunchaku","floor":14},{"key":"Question Card","floor":21},{"key":"Lizard Tail","floor":24},{"key":"War Paint","floor":26},{"key":"Vajra","floor":27}],"campfire_choices":[{"floor":7,"key":"SMITH","data":"MasterReality"},{"floor":12,"key":"SMITH","data":"BattleHymn"},{"floor":15,"key":"SMITH","data":"Collect"},{"floor":23,"key":"SMITH","data":"LikeWater"},{"floor":30,"key":"SMITH","data":"Perseverance"},{"floor":32,"key":"SMITH","data":"Worship"}],"circlet_count":0,"win_rate":0,"killed_by":"Reptomancer"}