{"play_id":"1849ecc9-382f-4c41-ac52-eb9ba00adec7","build_version":"2020-01-27","seed_played":"3657639486215142547","chose_seed":false,"seed_source_timestamp":0,"is_daily":false,"special_seed":0,"is_trial":false,"is_endless":false,"is_ascension_mode":true,"ascension_level":8,"neow_bonus":"BOSS_RELIC","neow_cost":"NONE","is_beta":false,"is_prod":false,"victory":false,"floor_reached":12,"score":120,"timestamp":1699275895,"local_time":"11/06/2023 13:04:55","playtime":284,"player_experience":319662,"master_deck":["Strike_P+1","Strike_P","Strike_P","Defend_P","Defend_P+1","Eruption+1","Vigilance","Halt","BattleHymn","FlurryOfBlows","EmptyFist"],"relics":["Empty Cage","Calipers","Mummified Hand","Pear","MealTicket"],"gold":76,"campfire_rested":0,"campfire_upgraded":1,"purchased_purges":1,"potions_floor_spawned":[8,11],"potions_floor_usage":[],"current_hp_per_floor":[65,65,51,51,44,44,12,11,21,21,6,0],"max_hp_per_floor":[72,72,72,72,72,72,72,72,82,82,82,82],"gold_per_floor":[110,2,2,2,14,14,40,51,51,51,76,76],"path_per_floor":["M","$","?","T","M","R","E","M","T","$","E","M"],"path_taken":["M","$","?","?","M","R","E","M","T","$","E","M"],"items_purchased":["BattleHymn"],"item_purchase_floors":[2],"items_purged":["Strike_P"],"items_purged_floors":[2],"character_chosen":"WATCHER","card_choices":[{"picked":"Halt","not_picked":["FollowUp","Prostrate"],"floor":1},{"picked":"FlurryOfBlows","not_picked":["Pray","CutThroughFate"],"floor":5},{"picked":"SKIP","not_picked":["ForeignInfluence","CutThroughFate","ConjureBlade"],"floor":7},{"picked":"SKIP","not_picked":["CutThroughFate","CrushJoints","FlurryOfBlows"],"floor":8},{"picked":"EmptyFist","not_picked":["FollowUp","PathToVictory"],"floor":11}],"event_choices":[{"event_name":"Shining Light","player_choice":"Entered Light","floor":3,"cards_obtained":null,"cards_removed":null,"cards_transformed":null,"cards_upgraded":["Defend_P","Strike_P"],"relics_obtained":null,"potions_obtained":null,"relics_lost":null,"damage_taken":14,"damage_healed":0,"max_hp_loss":0,"max_hp_gain":0,"gold_gain":0,"gold_loss":0}],"boss_relics":[],"damage_taken":[{"floor":1,"enemies":"2 Louse","damage":0,"turns":2},{"floor":5,"enemies":"Jaw Worm","damage":7,"turns":3},{"floor":7,"enemies":"Gremlin Nob","damage":32,"turns":3},{"floor":8,"enemies":"Cultist","damage":1,"turns":3},{"floor":11,"enemies":"3 Sentries","damage":15,"turns":6},{"floor":12,"enemies":"Exordium Thugs","damage":11,"turns":1}],"potions_obtained":[{"key":"Dexterity Potion","floor":8},{"key":"Swift Potion","floor":11}],"relics_obtained":[{"key":"Calipers","floor":4},{"key":"Mummified Hand","floor":7},{"key":"Pear","floor":9},{"key":"MealTicket","floor":11}],"campfire_choices":[{"floor":6,"key":"SMITH","data":"Eruption"}],"circlet_count":0,"win_rate":0,"killed_by":"Exordium Thugs"}