{"play_id":"7b419c0a-a00a-4379-86ba-9e167c3874d6","build_version":"2020-01-27","seed_played":"-372742226058961434","chose_seed":false,"seed_source_timestamp":0,"is_daily":false,"special_seed":0,"is_trial":false,"is_endless":false,"is_ascension_mode":true,"ascension_level":8,"neow_bonus":"RANDOM_COMMON_RELIC","neow_cost":"NONE","is_beta":false,"is_prod":false,"victory":false,"floor_reached":25,"score":388,"timestamp":1699230945,"local_time":"11/06/2023 00:35:45","playtime":925,"player_experience":314836,"master_deck":["Strike_P","Strike_P","Defend_P+1","Defend_P","Eruption+1","Vigilance+1","TalkToTheHand+1","Prostrate+1","SignatureMove","Prostrate+1","Devotion","Trip","Brilliance","Devotion"],"relics":["PureWater","Omamori","Smiling Mask","Happy Flower","DollysMirror","Letter Opener","Mummified Hand","Runic Pyramid","Bronze Scales"],"gold":79,"campfire_rested":0,"campfire_upgraded":3,"purchased_purges":2,"potions_floor_spawned":[1,7,10,14,18,23],"potions_floor_usage":[23,25],"current_hp_per_floor":[65,62,48,48,41,41,41,41,41,41,41,41,41,46,46,45,65,58,58,58,58,52,20,20,0],"max_hp_per_floor":[72,72,72,72,72,72,72,72,72,72,72,72,72,72,72,72,72,72,72,72,72,72,72,72,72],"gold_per_floor":[117,134,134,59,59,59,84,84,137,151,1,13,13,39,39,137,137,153,252,177,39,54,79,79,79],"path_per_floor":["M","M","?","$","?","R","E","R","T","M","$","M","?","E","R","B","ul","M","?","?","$","M","E","?","E"],"path_taken":["M","M","?","$","?","R","E","R","T","M","?","M","?","E","R","BOSS","M","?","?","$","M","E","?","E"],"items_purchased":["DollysMirror","Trip"],"item_purchase_floors":[11,21],"items_purged":["Defend_P","Strike_P"],"items_purged_floors":[4,21],"character_chosen":"WATCHER","card_choices":[{"picked":"TalkToTheHand","not_picked":["ReachHeaven","BowlingBash"],"floor":1},{"picked":"Prostrate","not_picked":["CrushJoints","CutThroughFate"],"floor":2},{"picked":"SignatureMove","not_picked":["Halt","EmptyMind"],"floor":7},{"picked":"SKIP","not_picked":["Consecrate","BowlingBash","Wallop"],"floor":10},{"picked":"SKIP","not_picked":["Meditate","FlyingSleeves","InnerPeace"],"floor":12},{"picked":"SKIP","not_picked":["Halt","Study","InnerPeace"],"floor":14},{"picked":"Devotion","not_picked":["Alpha","LessonLearned"],"floor":16},{"picked":"SKIP","not_picked":["JustLucky","FlyingSleeves","BowlingBash+1"],"floor":18},{"picked":"SKIP","not_picked":["CarveReality","ThirdEye","Protect"],"floor":22},{"picked":"Brilliance","not_picked":["CrushJoints+1","Halt"],"floor":23}],"event_choices":[{"event_name":"Shining Light","player_choice":"Entered Light","floor":3,"cards_obtained":null,"cards_removed":null,"cards_transformed":null,"cards_upgraded":["Vigilance","Defend_P"],"relics_obtained":null,"potions_obtained":null,"relics_lost":null,"damage_taken":14,"damage_healed":0,"max_hp_loss":0,"max_hp_gain":0,"gold_gain":0,"gold_loss":0},{"event_name":"Golden Wing","player_choice":"Card Removal","floor":5,"cards_obtained":null,"cards_removed":["Defend_P"],"cards_transformed":null,"cards_upgraded":null,"relics_obtained":null,"potions_obtained":null,"relics_lost":null,"damage_taken":7,"damage_healed":0,"max_hp_loss":0,"max_hp_gain":0,"gold_gain":0,"gold_loss":0},{"event_name":"Dead Adventurer","player_choice":"Searched '2' times","floor":13,"cards_obtained":null,"cards_removed":null,"cards_transformed":null,"cards_upgraded":null,"relics_obtained":["Letter Opener"],"potions_obtained":null,"relics_lost":null,"damage_taken":0,"damage_healed":0,"max_hp_loss":0,"max_hp_gain":0,"gold_gain":0,"gold_loss":0},{"event_name":"Nest","player_choice":"Stole From Cult","floor":19,"cards_obtained":null,"cards_removed":null,"cards_transformed":null,"cards_upgraded":null,"relics_obtained":null,"potions_obtained":null,"relics_lost":null,"damage_taken":0,"damage_healed":0,"max_hp_loss":0,"max_hp_gain":0,"gold_gain":99,"gold_loss":0},{"event_name":"Beggar","player_choice":"Gave Gold","floor":20,"cards_obtained":null,"cards_removed":["Strike_P"],"cards_transformed":null,"cards_upgraded":null,"relics_obtained":null,"potions_obtained":null,"relics_lost":null,"damage_taken":0,"damage_healed":0,"max_hp_loss":0,"max_hp_gain":0,"gold_gain":0,"gold_loss":75},{"event_name":"Duplicator","player_choice":"Copied","floor":24,"cards_obtained":["Devotion"],"cards_removed":null,"cards_transformed":null,"cards_upgraded":null,"relics_obtained":null,"potions_obtained":null,"relics_lost":null,"damage_taken":0,"damage_healed":0,"max_hp_loss":0,"max_hp_gain":0,"gold_gain":0,"gold_loss":0}],"boss_relics":[{"picked":"Runic Pyramid","not_picked":["Cursed Key","Tiny House"]}],"damage_taken":[{"floor":1,"enemies":"Small Slimes","damage":0,"turns":3},{"floor":2,"enemies":"Jaw Worm","damage":3,"turns":3},{"floor":7,"enemies":"Lagavulin","damage":0,"turns":6},{"floor":10,"enemies":"2 Louse","damage":0,"turns":2},{"floor":12,"enemies":"Looter","damage":0,"turns":2},{"floor":14,"enemies":"Gremlin Nob","damage":0,"turns":2},{"floor":16,"enemies":"The Guardian","damage":16,"turns":6},{"floor":18,"enemies":"Shell Parasite","damage":7,"turns":2},{"floor":22,"enemies":"3 Byrds","damage":6,"turns":4},{"floor":23,"enemies":"Slavers","damage":32,"turns":4},{"floor":25,"enemies":"Book of Stabbing","damage":44,"turns":3}],"potions_obtained":[{"key":"FearPotion","floor":1},{"key":"Regen Potion","floor":7},{"key":"EntropicBrew","floor":10},{"key":"Strength Potion","floor":14},{"key":"Swift Potion","floor":18},{"key":"ColorlessPotion","floor":23}],"relics_obtained":[{"key":"Smiling Mask","floor":7},{"key":"Happy Flower","floor":9},{"key":"Mummified Hand","floor":14},{"key":"Bronze Scales","floor":23}],"campfire_choices":[{"floor":6,"key":"SMITH","data":"Eruption"},{"floor":8,"key":"SMITH","data":"Prostrate"},{"floor":15,"key":"SMITH","data":"TalkToTheHand"}],"circlet_count":0,"win_rate":0,"killed_by":"Book of Stabbing"}