{"play_id":"c986dc9e-dcb4-49b1-9cc2-63d41091629c","build_version":"2020-01-27","seed_played":"-1853684637688126954","chose_seed":false,"seed_source_timestamp":0,"is_daily":false,"special_seed":0,"is_trial":false,"is_endless":false,"is_ascension_mode":true,"ascension_level":9,"neow_bonus":"THREE_ENEMY_KILL","neow_cost":"NONE","is_beta":false,"is_prod":false,"victory":false,"floor_reached":29,"score":484,"timestamp":1700191839,"local_time":"11/17/2023 03:30:39","playtime":1042,"player_experience":360715,"master_deck":["Strike_P+1","Strike_P+1","Defend_P+1","Defend_P","Defend_P","Defend_P+1","Eruption+1","Vigilance+1","BattleHymn+1","SashWhip+1","Judgement+1","PathToVictory+1"],"relics":["PureWater","NeowsBlessing","The Courier","ClockworkSouvenir","Blood Vial","Ginger","Regal Pillow","HandDrill","Black Star","StrikeDummy","Bottled Lightning","Art of War","Ice Cream","Oddly Smooth Stone","War Paint"],"gold":38,"campfire_rested":0,"campfire_upgraded":5,"purchased_purges":3,"potions_floor_spawned":[7,16,25,27],"potions_floor_usage":[20,25],"current_hp_per_floor":[65,51,39,39,39,39,39,39,39,39,41,41,43,43,43,45,65,66,66,60,47,47,47,49,14,14,8,8,0],"max_hp_per_floor":[72,72,72,72,72,72,72,72,72,72,72,72,72,72,72,72,72,72,72,72,77,77,77,77,77,77,77,77,77],"gold_per_floor":[118,118,118,2,277,277,292,292,316,316,342,356,371,79,79,180,180,196,116,130,130,130,130,143,178,224,253,38,38],"path_per_floor":["M","?","?","$","?","R","M","R","T","R","E","M","M","$","R","B",null,"M","$","M","?","?","R","M","E","T","E","$","E"],"path_taken":["M","?","?","?","?","R","M","R","T","R","E","?","M","$","R","BOSS","M","$","M","?","?","R","?","E","T","E","$","E"],"items_purchased":["ClockworkSouvenir","Regal Pillow","HandDrill","War Paint"],"item_purchase_floors":[4,14,14,28],"items_purged":["Regret","Strike_P","Strike_P"],"items_purged_floors":[14,19,28],"character_chosen":"WATCHER","card_choices":[{"picked":"SKIP","not_picked":["SashWhip","Conclude","Wireheading"],"floor":1},{"picked":"BattleHymn","not_picked":["ReachHeaven","EmptyBody"],"floor":7},{"picked":"SashWhip","not_picked":["BowlingBash","Weave"],"floor":11},{"picked":"SKIP","not_picked":["FlurryOfBlows","Consecrate","MentalFortress"],"floor":12},{"picked":"Judgement","not_picked":["DeceiveReality","ThirdEye"],"floor":13},{"picked":"PathToVictory+1","not_picked":["FlyingSleeves","BowlingBash+1"],"floor":18},{"picked":"SKIP","not_picked":["Crescendo","SashWhip","InnerPeace+1"],"floor":20},{"picked":"SKIP","not_picked":["BowlingBash","ThirdEye","FollowUp"],"floor":24},{"picked":"SKIP","not_picked":["Consecrate","Tantrum","Evaluate"],"floor":25},{"picked":"SKIP","not_picked":["Vengeance","Wireheading+1","ForeignInfluence"],"floor":27}],"event_choices":[{"event_name":"Shining Light","player_choice":"Entered Light","floor":2,"cards_obtained":null,"cards_removed":null,"cards_transformed":null,"cards_upgraded":["Strike_P","Strike_P"],"relics_obtained":null,"potions_obtained":null,"relics_lost":null,"damage_taken":14,"damage_healed":0,"max_hp_loss":0,"max_hp_gain":0,"gold_gain":0,"gold_loss":0},{"event_name":"Scrap Ooze","player_choice":"Success","floor":3,"cards_obtained":null,"cards_removed":null,"cards_transformed":null,"cards_upgraded":null,"relics_obtained":["The Courier"],"potions_obtained":null,"relics_lost":null,"damage_taken":12,"damage_healed":0,"max_hp_loss":0,"max_hp_gain":0,"gold_gain":0,"gold_loss":0},{"event_name":"Golden Shrine","player_choice":"Desecrate","floor":5,"cards_obtained":["Regret"],"cards_removed":null,"cards_transformed":null,"cards_upgraded":null,"relics_obtained":null,"potions_obtained":null,"relics_lost":null,"damage_taken":0,"damage_healed":0,"max_hp_loss":0,"max_hp_gain":0,"gold_gain":275,"gold_loss":0},{"event_name":"Forgotten Altar","player_choice":"Shed Blood","floor":21,"cards_obtained":null,"cards_removed":null,"cards_transformed":null,"cards_upgraded":null,"relics_obtained":null,"potions_obtained":null,"relics_lost":null,"damage_taken":18,"damage_healed":0,"max_hp_loss":0,"max_hp_gain":5,"gold_gain":0,"gold_loss":0},{"event_name":"N'loth","player_choice":"Ignored","floor":22,"cards_obtained":null,"cards_removed":null,"cards_transformed":null,"cards_upgraded":null,"relics_obtained":null,"potions_obtained":null,"relics_lost":null,"damage_taken":0,"damage_healed":0,"max_hp_loss":0,"max_hp_gain":0,"gold_gain":0,"gold_loss":0}],"boss_relics":[{"picked":"Black Star","not_picked":["Snecko Eye","Busted Crown"]}],"damage_taken":[{"floor":1,"enemies":"Jaw Worm","damage":0,"turns":1},{"floor":7,"enemies":"2 Louse","damage":0,"turns":1},{"floor":11,"enemies":"Lagavulin","damage":0,"turns":1},{"floor":12,"enemies":"Small Slimes","damage":2,"turns":3},{"floor":13,"enemies":"Exordium Wildlife","damage":0,"turns":2},{"floor":16,"enemies":"Slime Boss","damage":0,"turns":4},{"floor":18,"enemies":"Spheric Guardian","damage":1,"turns":3},{"floor":20,"enemies":"3 Byrds","damage":8,"turns":3},{"floor":24,"enemies":"3 Cultists","damage":0,"turns":4},{"floor":25,"enemies":"Book of Stabbing","damage":37,"turns":4},{"floor":27,"enemies":"Gremlin Leader","damage":8,"turns":4},{"floor":29,"enemies":"Book of Stabbing","damage":10,"turns":2}],"potions_obtained":[{"key":"SkillPotion","floor":7},{"key":"SpeedPotion","floor":16},{"key":"Ancient Potion","floor":25},{"key":"Explosive Potion","floor":27}],"relics_obtained":[{"key":"Blood Vial","floor":9},{"key":"Ginger","floor":11},{"key":"StrikeDummy","floor":25},{"key":"Bottled Lightning","floor":25},{"key":"Art of War","floor":26},{"key":"Ice Cream","floor":27},{"key":"Oddly Smooth Stone","floor":27}],"campfire_choices":[{"floor":6,"key":"SMITH","data":"Eruption"},{"floor":8,"key":"SMITH","data":"BattleHymn"},{"floor":10,"key":"SMITH","data":"Vigilance"},{"floor":15,"key":"SMITH","data":"Judgement"},{"floor":23,"key":"SMITH","data":"SashWhip"}],"circlet_count":0,"win_rate":0,"killed_by":"Book of Stabbing"}