{"play_id":"1e0b8c17-5531-4ade-8764-ebd16c2fd925","build_version":"2020-01-27","seed_played":"2089201901068077470","chose_seed":false,"seed_source_timestamp":160278968149,"is_daily":false,"special_seed":null,"is_trial":false,"is_endless":false,"is_ascension_mode":true,"ascension_level":9,"neow_bonus":"THREE_ENEMY_KILL","neow_cost":"NONE","is_beta":false,"is_prod":false,"victory":true,"floor_reached":51,"score":1232,"timestamp":1700536844,"local_time":"11/21/2023 03:20:44","playtime":2232,"player_experience":368188,"master_deck":["Defend_P+1","Defend_P+1","Eruption+1","Vigilance+1","ReachHeaven+1","Scrawl+1","DeceiveReality+1","Swivel+1","WaveOfTheHand+1","MasterReality+1","DeceiveReality+1","Tantrum+1","Devotion+1","ForeignInfluence+1","Vault+1","ReachHeaven+1","Protect+1","PathToVictory+1","Prostrate+1","CarveReality+1","Madness+1"],"relics":["HolyWater","NeowsBlessing","Golden Idol","Toxic Egg 2","Regal Pillow","Centennial Puzzle","Pantograph","Mummified Hand","Astrolabe","Membership Card","Ice Cream","Ancient Tea Set","Whetstone","Letter Opener","War Paint","PreservedInsect","Bottled Lightning","Orichalcum","Mango"],"gold":212,"campfire_rested":2,"campfire_upgraded":5,"purchased_purges":3,"potions_floor_spawned":[4,12,13,18,25,28,30,35,38,45],"potions_floor_usage":[8,18,23,28,28,33,33,46],"current_hp_per_floor":[65,47,47,47,44,44,44,44,44,44,44,44,44,44,44,48,66,66,66,66,66,66,60,60,60,60,47,47,47,47,47,77,3,59,55,55,55,55,48,77,77,49,49,49,49,63,63,63,63,1],"max_hp_per_floor":[72,72,72,72,72,72,72,72,72,72,72,72,72,72,72,72,72,72,72,72,72,72,72,72,72,72,77,77,77,77,77,77,77,77,77,77,77,77,77,77,77,77,77,77,77,91,91,91,91,91],"gold_per_floor":[118,118,43,58,58,92,92,128,128,128,91,125,148,48,48,177,177,197,197,197,197,41,81,81,101,101,101,141,162,177,191,191,310,310,326,20,20,39,62,62,87,130,130,130,151,212,212,212,212,212],"path_per_floor":["M","?","$","M","?","E","R","E","T","R","$","E","M","$","R","B",null,"M","?","?","?","$","E","R","M","T","?","E","M","M","M","R","B",null,"M","$","?","M","M","R","M","E","T","?","M","?","R","?","R","B",null],"path_taken":["M","?","$","M","?","E","R","E","T","R","?","E","?","$","R","BOSS","M","?","?","?","$","E","R","?","T","?","E","M","M","M","R","BOSS","M","$","?","?","M","R","M","E","T","?","?","?","R","?","R","BOSS"],"items_purchased":["Swivel+1","Membership Card","ReachHeaven","Letter Opener","War Paint"],"item_purchase_floors":[11,22,36,36,36],"items_purged":["Strike_P","Strike_P","Defend_P"],"items_purged_floors":[3,14,36],"character_chosen":"WATCHER","card_choices":[{"picked":"ReachHeaven","not_picked":["EmptyFist","FlyingSleeves"],"floor":1},{"picked":"SKIP","not_picked":["MentalFortress","Halt","ThirdEye"],"floor":4},{"picked":"Scrawl+1","not_picked":["Tantrum","InnerPeace+1"],"floor":6},{"picked":"DeceiveReality+1","not_picked":["EmptyBody+1","LikeWater"],"floor":8},{"picked":"SKIP","not_picked":["Alpha+1","BowlingBash","Halt+1"],"floor":12},{"picked":"WaveOfTheHand+1","not_picked":["EmptyFist","CrushJoints"],"floor":13},{"picked":"MasterReality","not_picked":["Wish+1","Blasphemy+1"],"floor":16},{"picked":"SKIP","not_picked":["FlurryOfBlows+1","CrushJoints","FollowUp"],"floor":18},{"picked":"SKIP","not_picked":["Evaluate+1","CutThroughFate+1","PathToVictory+1"],"floor":23},{"picked":"SKIP","not_picked":["Halt+1","FollowUp","SashWhip"],"floor":25},{"picked":"SKIP","not_picked":["Fasting2","Conclude+1","ClearTheMind+1"],"floor":28},{"picked":"SKIP","not_picked":["Prostrate+1","WaveOfTheHand+1","BowlingBash"],"floor":29},{"picked":"SKIP","not_picked":["Tantrum","Prostrate+1","Consecrate"],"floor":30},{"picked":"SKIP","not_picked":["LikeWater","EmptyBody+1","Perseverance+1"],"floor":31},{"picked":"Vault+1","not_picked":["Alpha+1","MasterReality"],"floor":33},{"picked":"SKIP","not_picked":["ThirdEye+1","Consecrate","Conclude+1"],"floor":35},{"picked":"SKIP","not_picked":["EmptyFist+1","FlyingSleeves+1","EmptyBody+1"],"floor":38},{"picked":"Protect+1","not_picked":["Study","FollowUp+1"],"floor":39},{"picked":"PathToVictory+1","not_picked":["Meditate+1","EmptyBody+1"],"floor":41},{"picked":"Prostrate+1","not_picked":["ClearTheMind+1","Blasphemy+1"],"floor":42},{"picked":"SKIP","not_picked":["Consecrate","Crescendo+1","Protect+1"],"floor":45},{"picked":"CarveReality+1","not_picked":["Worship+1","Wish+1"],"floor":46},{"picked":"Madness+1","not_picked":["Mind Blast","Good Instincts+1"],"floor":48}],"event_choices":[{"event_name":"Golden Idol","player_choice":"Take Damage","floor":2,"cards_obtained":null,"cards_removed":null,"cards_transformed":null,"cards_upgraded":null,"relics_obtained":["Golden Idol"],"potions_obtained":null,"relics_lost":null,"damage_taken":18,"damage_healed":0,"max_hp_loss":0,"max_hp_gain":0,"gold_gain":0,"gold_loss":0},{"event_name":"Scrap Ooze","player_choice":"Success","floor":5,"cards_obtained":null,"cards_removed":null,"cards_transformed":null,"cards_upgraded":null,"relics_obtained":["Toxic Egg 2"],"potions_obtained":null,"relics_lost":null,"damage_taken":3,"damage_healed":0,"max_hp_loss":0,"max_hp_gain":0,"gold_gain":0,"gold_loss":0},{"event_name":"Ghosts","player_choice":"Ignored","floor":19,"cards_obtained":null,"cards_removed":null,"cards_transformed":null,"cards_upgraded":null,"relics_obtained":null,"potions_obtained":null,"relics_lost":null,"damage_taken":0,"damage_healed":0,"max_hp_loss":0,"max_hp_gain":0,"gold_gain":0,"gold_loss":0},{"event_name":"The Library","player_choice":"Read","floor":20,"cards_obtained":["ForeignInfluence"],"cards_removed":null,"cards_transformed":null,"cards_upgraded":null,"relics_obtained":null,"potions_obtained":null,"relics_lost":null,"damage_taken":0,"damage_healed":0,"max_hp_loss":0,"max_hp_gain":0,"gold_gain":0,"gold_loss":0},{"event_name":"N'loth","player_choice":"Ignored","floor":21,"cards_obtained":null,"cards_removed":null,"cards_transformed":null,"cards_upgraded":null,"relics_obtained":null,"potions_obtained":null,"relics_lost":null,"damage_taken":0,"damage_healed":0,"max_hp_loss":0,"max_hp_gain":0,"gold_gain":0,"gold_loss":0},{"event_name":"Forgotten Altar","player_choice":"Shed Blood","floor":27,"cards_obtained":null,"cards_removed":null,"cards_transformed":null,"cards_upgraded":null,"relics_obtained":null,"potions_obtained":null,"relics_lost":null,"damage_taken":18,"damage_healed":0,"max_hp_loss":0,"max_hp_gain":5,"gold_gain":0,"gold_loss":0},{"event_name":"WeMeetAgain","player_choice":"Gave Potion","floor":37,"cards_obtained":null,"cards_removed":null,"cards_transformed":null,"cards_upgraded":null,"relics_obtained":["PreservedInsect"],"potions_obtained":null,"relics_lost":null,"damage_taken":0,"damage_healed":0,"max_hp_loss":0,"max_hp_gain":0,"gold_gain":0,"gold_loss":0},{"event_name":"SecretPortal","player_choice":"Ignored","floor":44,"cards_obtained":null,"cards_removed":null,"cards_transformed":null,"cards_upgraded":null,"relics_obtained":null,"potions_obtained":null,"relics_lost":null,"damage_taken":0,"damage_healed":0,"max_hp_loss":0,"max_hp_gain":0,"gold_gain":0,"gold_loss":0},{"event_name":"Mysterious Sphere","player_choice":"Fight","floor":46,"cards_obtained":null,"cards_removed":null,"cards_transformed":null,"cards_upgraded":null,"relics_obtained":null,"potions_obtained":null,"relics_lost":null,"damage_taken":0,"damage_healed":0,"max_hp_loss":0,"max_hp_gain":0,"gold_gain":0,"gold_loss":0},{"event_name":"SensoryStone","player_choice":"Memory 1","floor":48,"cards_obtained":null,"cards_removed":null,"cards_transformed":null,"cards_upgraded":null,"relics_obtained":null,"potions_obtained":null,"relics_lost":null,"damage_taken":0,"damage_healed":0,"max_hp_loss":0,"max_hp_gain":0,"gold_gain":0,"gold_loss":0}],"boss_relics":[{"picked":"Astrolabe","not_picked":["SacredBark","VioletLotus"]},{"picked":"HolyWater","not_picked":["Philosopher's Stone","Cursed Key"]}],"damage_taken":[{"floor":1,"enemies":"2 Louse","damage":0,"turns":1},{"floor":4,"enemies":"Jaw Worm","damage":0,"turns":1},{"floor":6,"enemies":"3 Sentries","damage":0,"turns":1},{"floor":8,"enemies":"Lagavulin","damage":0,"turns":3},{"floor":12,"enemies":"Gremlin Nob","damage":0,"turns":2},{"floor":13,"enemies":"Cultist","damage":0,"turns":2},{"floor":16,"enemies":"The Guardian","damage":21,"turns":9},{"floor":18,"enemies":"2 Thieves","damage":0,"turns":4},{"floor":23,"enemies":"Book of Stabbing","damage":6,"turns":2},{"floor":25,"enemies":"Shell Parasite","damage":0,"turns":1},{"floor":28,"enemies":"Slavers","damage":0,"turns":3},{"floor":29,"enemies":"Sentry and Sphere","damage":0,"turns":2},{"floor":30,"enemies":"Snake Plant","damage":0,"turns":2},{"floor":31,"enemies":"Snecko","damage":0,"turns":2},{"floor":33,"enemies":"Champ","damage":74,"turns":7},{"floor":35,"enemies":"3 Shapes","damage":4,"turns":4},{"floor":38,"enemies":"3 Darklings","damage":0,"turns":3},{"floor":39,"enemies":"4 Shapes","damage":7,"turns":3},{"floor":41,"enemies":"Maw","damage":0,"turns":5},{"floor":42,"enemies":"Reptomancer","damage":28,"turns":5},{"floor":45,"enemies":"Spire Growth","damage":0,"turns":3},{"floor":46,"enemies":"2 Orb Walkers","damage":0,"turns":2},{"floor":50,"enemies":"Donu and Deca","damage":87,"turns":7}],"potions_obtained":[{"key":"BlessingOfTheForge","floor":4},{"key":"SkillPotion","floor":12},{"key":"DuplicationPotion","floor":13},{"key":"BottledMiracle","floor":18},{"key":"BottledMiracle","floor":25},{"key":"EssenceOfSteel","floor":28},{"key":"ColorlessPotion","floor":30},{"key":"AttackPotion","floor":35},{"key":"FairyPotion","floor":38},{"key":"Swift Potion","floor":45}],"relics_obtained":[{"key":"Regal Pillow","floor":6},{"key":"Centennial Puzzle","floor":8},{"key":"Pantograph","floor":9},{"key":"Mummified Hand","floor":12},{"key":"Ice Cream","floor":23},{"key":"Ancient Tea Set","floor":26},{"key":"Whetstone","floor":28},{"key":"Bottled Lightning","floor":42},{"key":"Orichalcum","floor":43},{"key":"Mango","floor":46}],"campfire_choices":[{"floor":7,"key":"SMITH","data":"Eruption"},{"floor":10,"key":"SMITH","data":"ReachHeaven"},{"floor":15,"key":"SMITH","data":"Vigilance"},{"floor":24,"key":"SMITH","data":"MasterReality"},{"floor":32,"key":"REST"},{"floor":40,"key":"REST"},{"floor":47,"key":"RECALL"},{"floor":49,"key":"SMITH","data":"ReachHeaven"}],"circlet_count":0,"win_rate":0,"killed_by":null}