{"play_id":"cc15c78a-521c-4075-a171-81efafa085cb","build_version":"2020-01-27","seed_played":"-7541996796939627238","chose_seed":false,"seed_source_timestamp":0,"is_daily":false,"special_seed":0,"is_trial":false,"is_endless":false,"is_ascension_mode":true,"ascension_level":10,"neow_bonus":"THREE_RARE_CARDS","neow_cost":"TEN_PERCENT_HP_LOSS","is_beta":false,"is_prod":false,"victory":false,"floor_reached":50,"score":915,"timestamp":1703598917,"local_time":"12/26/2023 13:55:17","playtime":2871,"player_experience":450704,"master_deck":["AscendersBane","Defend_P","Defend_P","Eruption+1","Vigilance","DeusExMachina","Swivel+1","ReachHeaven+1","ReachHeaven+1","FlurryOfBlows+1","Protect","Vault+1","Meditate","WaveOfTheHand+1","Consecrate+1","LikeWater+1","SashWhip+1","Halt+1","LikeWater","Scrawl+1","Worship+1","Prostrate+1","Prostrate+1","FearNoEvil+1","Halt+1","LikeWater","Meditate+1","Prostrate+1"],"relics":["PureWater","HornCleat","Dream Catcher","Oddly Smooth Stone","Empty Cage","Toxic Egg 2","Boot","Vajra","Strawberry","Bronze Scales","SlaversCollar","OrangePellets","Bag of Marbles","Art of War","MawBank"],"gold":376,"campfire_rested":2,"campfire_upgraded":7,"purchased_purges":2,"potions_floor_spawned":[7,12,23,25,31,33,35,37,44,47],"potions_floor_usage":[38,50,50,50,50,50,50],"current_hp_per_floor":[65,65,65,65,65,65,45,45,45,45,45,38,38,38,38,31,57,57,57,57,57,57,34,34,27,27,27,31,19,11,6,27,13,57,57,57,38,38,38,38,22,12,12,12,7,7,7,7,28,0],"max_hp_per_floor":[65,65,65,65,65,65,65,65,65,65,65,65,65,65,65,65,65,65,65,65,65,65,65,65,65,65,65,72,72,72,72,72,72,72,72,72,72,72,72,72,72,72,72,72,72,72,72,72,72,72],"gold_per_floor":[118,41,216,66,82,82,111,111,111,111,61,96,96,106,106,209,209,226,141,141,4,4,33,33,44,68,68,93,106,133,147,147,252,252,269,117,136,147,97,97,126,140,140,165,190,302,325,352,364,376],"path_per_floor":["M","$","?","$","M","R","E","R","T","R","?","E","?","M","R","B","ul","M","?","?","$","?","E","R","M","T","R","E","M","E","M","R","B",null,"M","$","M","M","$","R","E","M","T","E","M","?","M","M","R","B"],"path_taken":["M","$","?","$","M","R","E","R","T","R","?","E","?","M","R","BOSS","M","?","?","?","?","E","R","?","T","R","E","?","E","?","R","BOSS","M","?","M","?","$","R","E","M","T","E","M","?","M","?","R","BOSS"],"items_purchased":["ReachHeaven","ReachHeaven","WaveOfTheHand+1","OrangePellets","Prostrate+1"],"item_purchase_floors":[2,4,21,36,39],"items_purged":["Doubt","Strike_P"],"items_purged_floors":[4,21],"character_chosen":"WATCHER","card_choices":[{"picked":"DeusExMachina","not_picked":["Omniscience","Alpha"],"floor":0},{"picked":"Swivel","not_picked":["FollowUp","BowlingBash"],"floor":1},{"picked":"FlurryOfBlows","not_picked":["EmptyMind","ForeignInfluence"],"floor":5},{"picked":"Protect","not_picked":["PathToVictory","SashWhip"],"floor":7},{"picked":"SKIP","not_picked":["Wireheading","ConjureBlade","Protect"],"floor":12},{"picked":"SKIP","not_picked":["ThirdEye","Perseverance","Sanctity"],"floor":14},{"picked":"Vault","not_picked":["ConjureBlade","Judgement"],"floor":16},{"picked":"Meditate","not_picked":["Evaluate","Halt"],"floor":18},{"picked":"Consecrate+1","not_picked":["Halt+1","EmptyBody+1"],"floor":23},{"picked":"LikeWater","not_picked":["CutThroughFate","ForeignInfluence+1"],"floor":25},{"picked":"SKIP","not_picked":["Wireheading+1","BowlingBash","Pray+1"],"floor":28},{"picked":"SKIP","not_picked":["Adaptation","FollowUp","CutThroughFate+1"],"floor":29},{"picked":"SashWhip+1","not_picked":["Perseverance+1","Wireheading"],"floor":30},{"picked":"Halt+1","not_picked":["MentalFortress","InnerPeace+1"],"floor":31},{"picked":"LikeWater","not_picked":["DeceiveReality+1","Study"],"floor":32},{"picked":"Scrawl+1","not_picked":["DevaForm","DeusExMachina+1"],"floor":33},{"picked":"Worship+1","not_picked":["FlyingSleeves+1","Conclude+1"],"floor":35},{"picked":"SKIP","not_picked":["Prostrate+1","EmptyFist","Crescendo+1"],"floor":37},{"picked":"Prostrate+1","not_picked":["JustLucky+1","PathToVictory+1"],"floor":38},{"picked":"FearNoEvil+1","not_picked":["LessonLearned","WheelKick"],"floor":41},{"picked":"Halt+1","not_picked":["EmptyBody+1","Crescendo+1"],"floor":42},{"picked":"LikeWater","not_picked":["JustLucky","BowlingBash"],"floor":44},{"picked":"Meditate+1","not_picked":["FlurryOfBlows","PathToVictory+1"],"floor":45},{"picked":"Prostrate+1","not_picked":["FlyingSleeves","Perseverance+1"],"floor":47},{"picked":"SKIP","not_picked":["DeceiveReality+1","FollowUp","PathToVictory+1"],"floor":48}],"event_choices":[{"event_name":"Liars Game","player_choice":"AGREE","floor":3,"cards_obtained":["Doubt"],"cards_removed":null,"cards_transformed":null,"cards_upgraded":null,"relics_obtained":null,"potions_obtained":null,"relics_lost":null,"damage_taken":0,"damage_healed":0,"max_hp_loss":0,"max_hp_gain":0,"gold_gain":175,"gold_loss":0},{"event_name":"The Cleric","player_choice":"Card Removal","floor":11,"cards_obtained":null,"cards_removed":["Strike_P"],"cards_transformed":null,"cards_upgraded":null,"relics_obtained":null,"potions_obtained":null,"relics_lost":null,"damage_taken":0,"damage_healed":0,"max_hp_loss":0,"max_hp_gain":0,"gold_gain":0,"gold_loss":50},{"event_name":"Dead Adventurer","player_choice":"Searched '0' times","floor":13,"cards_obtained":null,"cards_removed":null,"cards_transformed":null,"cards_upgraded":null,"relics_obtained":null,"potions_obtained":null,"relics_lost":null,"damage_taken":0,"damage_healed":0,"max_hp_loss":0,"max_hp_gain":0,"gold_gain":0,"gold_loss":0},{"event_name":"Addict","player_choice":"Obtained Relic","floor":19,"cards_obtained":null,"cards_removed":null,"cards_transformed":null,"cards_upgraded":null,"relics_obtained":["Toxic Egg 2"],"potions_obtained":null,"relics_lost":null,"damage_taken":0,"damage_healed":0,"max_hp_loss":0,"max_hp_gain":0,"gold_gain":0,"gold_loss":85},{"event_name":"Back to Basics","player_choice":"Elegance","floor":20,"cards_obtained":null,"cards_removed":["Strike_P"],"cards_transformed":null,"cards_upgraded":null,"relics_obtained":null,"potions_obtained":null,"relics_lost":null,"damage_taken":0,"damage_healed":0,"max_hp_loss":0,"max_hp_gain":0,"gold_gain":0,"gold_loss":0},{"event_name":"Bonfire Elementals","player_choice":"Offered Basic","floor":22,"cards_obtained":null,"cards_removed":["Defend_P"],"cards_transformed":null,"cards_upgraded":null,"relics_obtained":null,"potions_obtained":null,"relics_lost":null,"damage_taken":0,"damage_healed":0,"max_hp_loss":0,"max_hp_gain":0,"gold_gain":0,"gold_loss":0},{"event_name":"Golden Shrine","player_choice":"Pray","floor":46,"cards_obtained":null,"cards_removed":null,"cards_transformed":null,"cards_upgraded":null,"relics_obtained":null,"potions_obtained":null,"relics_lost":null,"damage_taken":0,"damage_healed":0,"max_hp_loss":0,"max_hp_gain":0,"gold_gain":100,"gold_loss":0}],"boss_relics":[{"picked":"Empty Cage","not_picked":["Snecko Eye","Cursed Key"]},{"picked":"SlaversCollar","not_picked":["Philosopher's Stone","Tiny House"]}],"damage_taken":[{"floor":1,"enemies":"2 Louse","damage":0,"turns":4},{"floor":5,"enemies":"Small Slimes","damage":0,"turns":2},{"floor":7,"enemies":"Gremlin Nob","damage":20,"turns":4},{"floor":12,"enemies":"Lagavulin","damage":7,"turns":6},{"floor":14,"enemies":"Jaw Worm","damage":0,"turns":2},{"floor":16,"enemies":"The Guardian","damage":7,"turns":7},{"floor":18,"enemies":"Spheric Guardian","damage":0,"turns":2},{"floor":23,"enemies":"Slavers","damage":23,"turns":4},{"floor":25,"enemies":"2 Thieves","damage":7,"turns":3},{"floor":28,"enemies":"Book of Stabbing","damage":17,"turns":6},{"floor":29,"enemies":"Cultist and Chosen","damage":12,"turns":4},{"floor":30,"enemies":"Gremlin Leader","damage":8,"turns":5},{"floor":31,"enemies":"Centurion and Healer","damage":5,"turns":6},{"floor":33,"enemies":"Collector","damage":14,"turns":10},{"floor":35,"enemies":"Orb Walker","damage":0,"turns":4},{"floor":37,"enemies":"3 Darklings","damage":19,"turns":4},{"floor":38,"enemies":"Writhing Mass","damage":0,"turns":6},{"floor":41,"enemies":"Nemesis","damage":16,"turns":6},{"floor":42,"enemies":"Spire Growth","damage":10,"turns":4},{"floor":44,"enemies":"Reptomancer","damage":0,"turns":4},{"floor":45,"enemies":"4 Shapes","damage":5,"turns":8},{"floor":47,"enemies":"Jaw Worm Horde","damage":0,"turns":4},{"floor":48,"enemies":"Spire Growth","damage":0,"turns":4},{"floor":50,"enemies":"Donu and Deca","damage":30,"turns":9}],"potions_obtained":[{"key":"Regen Potion","floor":7},{"key":"SkillPotion","floor":12},{"key":"Ancient Potion","floor":23},{"key":"GamblersBrew","floor":25},{"key":"Energy Potion","floor":31},{"key":"LiquidBronze","floor":33},{"key":"PowerPotion","floor":35},{"key":"EntropicBrew","floor":44}],"relics_obtained":[{"key":"HornCleat","floor":7},{"key":"Dream Catcher","floor":9},{"key":"Oddly Smooth Stone","floor":12},{"key":"Boot","floor":23},{"key":"Vajra","floor":26},{"key":"Strawberry","floor":28},{"key":"Bronze Scales","floor":30},{"key":"Bag of Marbles","floor":41},{"key":"Art of War","floor":43},{"key":"MawBank","floor":44}],"campfire_choices":[{"floor":6,"key":"SMITH","data":"Eruption"},{"floor":8,"key":"SMITH","data":"ReachHeaven"},{"floor":10,"key":"SMITH","data":"ReachHeaven"},{"floor":15,"key":"SMITH","data":"FlurryOfBlows"},{"floor":24,"key":"SMITH","data":"Vault"},{"floor":27,"key":"SMITH","data":"LikeWater"},{"floor":32,"key":"REST"},{"floor":40,"key":"SMITH","data":"Swivel"},{"floor":49,"key":"REST"}],"circlet_count":0,"win_rate":0,"killed_by":"Donu and Deca"}