{"play_id":"b1360f55-ad10-4115-b291-dafc02f31124","build_version":"2020-01-27","seed_played":"8474950586955926886","chose_seed":false,"seed_source_timestamp":4975332301226,"is_daily":false,"special_seed":null,"is_trial":false,"is_endless":false,"is_ascension_mode":true,"ascension_level":11,"neow_bonus":"ONE_RANDOM_RARE_CARD","neow_cost":"NONE","is_beta":false,"is_prod":false,"victory":false,"floor_reached":12,"score":133,"timestamp":1704635381,"local_time":"01/07/2024 13:49:41","playtime":468,"player_experience":487950,"master_deck":["AscendersBane","Strike_P","Strike_P+1","Strike_P","Strike_P","Defend_P","Defend_P","Defend_P","Defend_P","Eruption","Vigilance","Vault","BowlingBash","ThirdEye+1","Protect","WindmillStrike"],"relics":["PureWater","ClockworkSouvenir","Pen Nib","Boot","Juzu Bracelet","StrikeDummy"],"gold":156,"campfire_rested":1,"campfire_upgraded":0,"purchased_purges":0,"potions_floor_spawned":[6,11],"potions_floor_usage":[11,12],"current_hp_per_floor":[65,54,54,54,42,13,34,34,34,20,18,0],"max_hp_per_floor":[72,72,72,72,72,72,72,72,72,72,77,77],"gold_per_floor":[111,186,43,57,57,82,82,100,126,126,156,156],"path_per_floor":["M","?","$","M","?","E","R","M","T","?","E","M"],"path_taken":["M","?","$","M","?","E","R","M","T","?","E","M"],"items_purchased":["ClockworkSouvenir"],"item_purchase_floors":[3],"items_purged":[],"items_purged_floors":[],"character_chosen":"WATCHER","card_choices":[{"picked":"BowlingBash","not_picked":["Consecrate","InnerPeace"],"floor":1},{"picked":"ThirdEye","not_picked":["CutThroughFate","ClearTheMind"],"floor":4},{"picked":"Protect","not_picked":["Indignation","DeceiveReality"],"floor":6},{"picked":"WindmillStrike","not_picked":["Worship","MentalFortress"],"floor":8},{"picked":"SKIP","not_picked":["SpiritShield","CutThroughFate","JustLucky"],"floor":11}],"event_choices":[{"event_name":"World of Goop","player_choice":"Gather Gold","floor":2,"cards_obtained":null,"cards_removed":null,"cards_transformed":null,"cards_upgraded":null,"relics_obtained":null,"potions_obtained":null,"relics_lost":null,"damage_taken":11,"damage_healed":0,"max_hp_loss":0,"max_hp_gain":0,"gold_gain":75,"gold_loss":0},{"event_name":"Scrap Ooze","player_choice":"Success","floor":5,"cards_obtained":null,"cards_removed":null,"cards_transformed":null,"cards_upgraded":null,"relics_obtained":["Pen Nib"],"potions_obtained":null,"relics_lost":null,"damage_taken":12,"damage_healed":0,"max_hp_loss":0,"max_hp_gain":0,"gold_gain":0,"gold_loss":0},{"event_name":"Shining Light","player_choice":"Entered Light","floor":10,"cards_obtained":null,"cards_removed":null,"cards_transformed":null,"cards_upgraded":["Strike_P","ThirdEye"],"relics_obtained":null,"potions_obtained":null,"relics_lost":null,"damage_taken":14,"damage_healed":0,"max_hp_loss":0,"max_hp_gain":0,"gold_gain":0,"gold_loss":0}],"boss_relics":[],"damage_taken":[{"floor":1,"enemies":"2 Louse","damage":0,"turns":4},{"floor":4,"enemies":"Small Slimes","damage":0,"turns":5},{"floor":6,"enemies":"Lagavulin","damage":29,"turns":7},{"floor":8,"enemies":"Jaw Worm","damage":0,"turns":4},{"floor":11,"enemies":"3 Sentries","damage":7,"turns":9},{"floor":12,"enemies":"Exordium Thugs","damage":29,"turns":4}],"potions_obtained":[{"key":"Fruit Juice","floor":6},{"key":"PowerPotion","floor":11}],"relics_obtained":[{"key":"Boot","floor":6},{"key":"Juzu Bracelet","floor":9},{"key":"StrikeDummy","floor":11}],"campfire_choices":[{"floor":7,"key":"REST"}],"circlet_count":0,"win_rate":0,"killed_by":"Exordium Thugs"}