{"play_id":"7197fd7d-8e3a-4153-9b19-01bcb24cfce4","build_version":"2020-01-27","seed_played":"49068925203398997","chose_seed":false,"seed_source_timestamp":5768805832367,"is_daily":false,"special_seed":null,"is_trial":false,"is_endless":false,"is_ascension_mode":true,"ascension_level":11,"neow_bonus":"UPGRADE_CARD","neow_cost":"NONE","is_beta":false,"is_prod":false,"victory":false,"floor_reached":16,"score":171,"timestamp":1704822166,"local_time":"01/09/2024 17:42:46","playtime":548,"player_experience":490116,"master_deck":["AscendersBane","Strike_P","Strike_P","Strike_P","Strike_P","Defend_P","Defend_P","Eruption+1","Vigilance","BowlingBash+1","Meditate","TalkToTheHand+1","Protect","Adaptation+1","EmptyFist","Halt","LikeWater+1"],"relics":["PureWater","Frozen Egg 2","Darkstone Periapt","TeardropLocket"],"gold":48,"campfire_rested":1,"campfire_upgraded":2,"purchased_purges":0,"potions_floor_spawned":[2,4,6,14],"potions_floor_usage":[6,8],"current_hp_per_floor":[58,56,56,56,49,39,39,3,3,24,24,24,24,22,22,0],"max_hp_per_floor":[72,72,72,72,72,72,72,72,72,72,72,72,72,72,72,72],"gold_per_floor":[116,129,13,33,33,67,67,100,100,100,112,38,38,48,48,48],"path_per_floor":["M","M","$","M","?","E","R","E","T","R","M","$","?","M","R","B"],"path_taken":["M","?","$","M","?","E","R","E","T","R","M","$","?","M","R","BOSS"],"items_purchased":["TalkToTheHand","Protect","LikeWater+1"],"item_purchase_floors":[3,3,12],"items_purged":[],"items_purged_floors":[],"character_chosen":"WATCHER","card_choices":[{"picked":"BowlingBash","not_picked":["Prostrate","Consecrate"],"floor":1},{"picked":"Meditate","not_picked":["Evaluate","Swivel"],"floor":2},{"picked":"SKIP","not_picked":["Halt","JustLucky","CutThroughFate"],"floor":4},{"picked":"Adaptation+1","not_picked":["Conclude","FlurryOfBlows"],"floor":6},{"picked":"EmptyFist","not_picked":["Protect","Crescendo"],"floor":8},{"picked":"Halt","not_picked":["Meditate","SashWhip"],"floor":11},{"picked":"SKIP","not_picked":["BowlingBash","Evaluate","DevaForm+1"],"floor":14}],"event_choices":[{"event_name":"Golden Wing","player_choice":"Card Removal","floor":5,"cards_obtained":null,"cards_removed":["Defend_P"],"cards_transformed":null,"cards_upgraded":null,"relics_obtained":null,"potions_obtained":null,"relics_lost":null,"damage_taken":7,"damage_healed":0,"max_hp_loss":0,"max_hp_gain":0,"gold_gain":0,"gold_loss":0},{"event_name":"Living Wall","player_choice":"Forget","floor":13,"cards_obtained":null,"cards_removed":["Defend_P"],"cards_transformed":null,"cards_upgraded":null,"relics_obtained":null,"potions_obtained":null,"relics_lost":null,"damage_taken":0,"damage_healed":0,"max_hp_loss":0,"max_hp_gain":0,"gold_gain":0,"gold_loss":0}],"boss_relics":[],"damage_taken":[{"floor":1,"enemies":"Cultist","damage":7,"turns":3},{"floor":2,"enemies":"Jaw Worm","damage":2,"turns":2},{"floor":4,"enemies":"2 Louse","damage":0,"turns":3},{"floor":6,"enemies":"3 Sentries","damage":10,"turns":6},{"floor":8,"enemies":"Gremlin Nob","damage":36,"turns":3},{"floor":11,"enemies":"Exordium Thugs","damage":0,"turns":3},{"floor":14,"enemies":"Blue Slaver","damage":2,"turns":3},{"floor":16,"enemies":"Hexaghost","damage":23,"turns":9}],"potions_obtained":[{"key":"GamblersBrew","floor":2},{"key":"Fire Potion","floor":4},{"key":"Ancient Potion","floor":6},{"key":"BlessingOfTheForge","floor":14}],"relics_obtained":[{"key":"Frozen Egg 2","floor":6},{"key":"Darkstone Periapt","floor":8},{"key":"TeardropLocket","floor":9}],"campfire_choices":[{"floor":7,"key":"SMITH","data":"BowlingBash"},{"floor":10,"key":"REST"},{"floor":15,"key":"SMITH","data":"TalkToTheHand"}],"circlet_count":0,"win_rate":0,"killed_by":"Hexaghost"}