{"play_id":"e75be03a-b732-4f20-8c28-c7e257469d72","build_version":"2020-01-27","seed_played":"3625625602218014784","chose_seed":false,"seed_source_timestamp":3290312107539,"is_daily":false,"special_seed":null,"is_trial":false,"is_endless":false,"is_ascension_mode":true,"ascension_level":12,"neow_bonus":"THREE_ENEMY_KILL","neow_cost":"NONE","is_beta":false,"is_prod":false,"victory":false,"floor_reached":16,"score":318,"timestamp":1709040774,"local_time":"02/27/2024 13:32:54","playtime":274,"player_experience":559109,"master_deck":["AscendersBane","Strike_P","Strike_P","Strike_P+1","Defend_P","Defend_P","Eruption","Vigilance+1","ReachHeaven","SignatureMove","LikeWater","Judgement"],"relics":["PureWater","NeowsBlessing","Shovel","Du-Vu Doll","Bird Faced Urn","Mercury Hourglass","Blood Vial","Potion Belt","Girya"],"gold":204,"campfire_rested":0,"campfire_upgraded":0,"purchased_purges":1,"potions_floor_spawned":[10],"potions_floor_usage":[14],"current_hp_per_floor":[65,51,51,51,56,56,56,56,56,53,55,55,44,48,48,0],"max_hp_per_floor":[72,72,72,72,77,77,77,77,77,77,77,77,77,77,77,77],"gold_per_floor":[114,114,39,39,39,67,67,99,99,129,146,96,171,204,204,204],"path_per_floor":["M","?","$","?","?","E","R","E","T","E","M","?","?","E","R","B"],"path_taken":["M","?","$","?","?","E","R","E","T","E","?","?","?","E","R","BOSS"],"items_purchased":[],"item_purchase_floors":[],"items_purged":["Strike_P"],"items_purged_floors":[3],"character_chosen":"WATCHER","card_choices":[{"picked":"ReachHeaven","not_picked":["BowlingBash","Evaluate"],"floor":1},{"picked":"LikeWater","not_picked":["ThirdEye","SashWhip"],"floor":6},{"picked":"Judgement","not_picked":["Crescendo","FollowUp"],"floor":8},{"picked":"SKIP","not_picked":["FollowUp","Prostrate","JustLucky"],"floor":10},{"picked":"SKIP","not_picked":["ClearTheMind","FollowUp","Evaluate"],"floor":11},{"picked":"SKIP","not_picked":["PathToVictory","ThirdEye","Prostrate"],"floor":14}],"event_choices":[{"event_name":"Shining Light","player_choice":"Entered Light","floor":2,"cards_obtained":null,"cards_removed":null,"cards_transformed":null,"cards_upgraded":["Strike_P","Vigilance"],"relics_obtained":null,"potions_obtained":null,"relics_lost":null,"damage_taken":14,"damage_healed":0,"max_hp_loss":0,"max_hp_gain":0,"gold_gain":0,"gold_loss":0},{"event_name":"Living Wall","player_choice":"Change","floor":4,"cards_obtained":["SignatureMove"],"cards_removed":null,"cards_transformed":["Defend_P"],"cards_upgraded":null,"relics_obtained":null,"potions_obtained":null,"relics_lost":null,"damage_taken":0,"damage_healed":0,"max_hp_loss":0,"max_hp_gain":0,"gold_gain":0,"gold_loss":0},{"event_name":"Big Fish","player_choice":"Donut","floor":5,"cards_obtained":null,"cards_removed":null,"cards_transformed":null,"cards_upgraded":null,"relics_obtained":null,"potions_obtained":null,"relics_lost":null,"damage_taken":0,"damage_healed":0,"max_hp_loss":0,"max_hp_gain":5,"gold_gain":0,"gold_loss":0},{"event_name":"The Cleric","player_choice":"Card Removal","floor":12,"cards_obtained":null,"cards_removed":["Defend_P"],"cards_transformed":null,"cards_upgraded":null,"relics_obtained":null,"potions_obtained":null,"relics_lost":null,"damage_taken":0,"damage_healed":0,"max_hp_loss":0,"max_hp_gain":0,"gold_gain":0,"gold_loss":50},{"event_name":"World of Goop","player_choice":"Gather Gold","floor":13,"cards_obtained":null,"cards_removed":null,"cards_transformed":null,"cards_upgraded":null,"relics_obtained":null,"potions_obtained":null,"relics_lost":null,"damage_taken":11,"damage_healed":0,"max_hp_loss":0,"max_hp_gain":0,"gold_gain":75,"gold_loss":0}],"boss_relics":[],"damage_taken":[{"floor":1,"enemies":"Cultist","damage":0,"turns":1},{"floor":6,"enemies":"Lagavulin","damage":0,"turns":1},{"floor":8,"enemies":"Gremlin Nob","damage":0,"turns":1},{"floor":10,"enemies":"3 Sentries","damage":5,"turns":5},{"floor":11,"enemies":"Small Slimes","damage":0,"turns":1},{"floor":14,"enemies":"Gremlin Nob","damage":0,"turns":1},{"floor":16,"enemies":"Hexaghost","damage":53,"turns":5}],"potions_obtained":[{"key":"DistilledChaos","floor":10}],"relics_obtained":[{"key":"Shovel","floor":6},{"key":"Du-Vu Doll","floor":7},{"key":"Bird Faced Urn","floor":8},{"key":"Mercury Hourglass","floor":9},{"key":"Blood Vial","floor":10},{"key":"Potion Belt","floor":14},{"key":"Girya","floor":15}],"campfire_choices":[{"floor":7,"key":"DIG"},{"floor":15,"key":"DIG"}],"circlet_count":0,"win_rate":0,"killed_by":"Hexaghost"}