{"play_id":"676427c4-8ec4-4f47-b7be-946202d377f2","build_version":"2020-01-27","seed_played":"-3498412593442516698","chose_seed":false,"seed_source_timestamp":679299529178,"is_daily":false,"special_seed":null,"is_trial":false,"is_endless":false,"is_ascension_mode":true,"ascension_level":12,"neow_bonus":"THREE_ENEMY_KILL","neow_cost":"NONE","is_beta":false,"is_prod":false,"victory":false,"floor_reached":16,"score":213,"timestamp":1710079042,"local_time":"03/10/2024 13:57:22","playtime":283,"player_experience":575442,"master_deck":["AscendersBane","Strike_P","Strike_P","Strike_P","Defend_P","Defend_P+1","Defend_P","Defend_P+1","Eruption","Vigilance","PathToVictory+1","Tantrum+1","Conclude","CarveReality+1","Halt","Halt"],"relics":["PureWater","NeowsBlessing","Omamori","MawBank","War Paint","StrikeDummy","Boot"],"gold":471,"campfire_rested":0,"campfire_upgraded":3,"purchased_purges":0,"potions_floor_spawned":[6,10],"potions_floor_usage":[8,16,16],"current_hp_per_floor":[65,70,45,45,45,45,45,33,33,33,33,33,33,32,32,0],"max_hp_per_floor":[72,77,77,77,77,77,77,77,77,77,77,77,77,77,77,77],"gold_per_floor":[113,113,113,113,132,162,174,220,314,338,350,413,425,447,459,471],"path_per_floor":["M","?","?","?","M","E","?","E","T","M","R","T","R","M","R","B"],"path_taken":["M","?","?","?","?","E","?","E","T","M","R","?","R","M","R","BOSS"],"items_purchased":[],"item_purchase_floors":[],"items_purged":[],"items_purged_floors":[],"character_chosen":"WATCHER","card_choices":[{"picked":"PathToVictory","not_picked":["Prostrate","Meditate"],"floor":1},{"picked":"Tantrum","not_picked":["CarveReality","ClearTheMind"],"floor":5},{"picked":"Conclude","not_picked":["SignatureMove","CutThroughFate"],"floor":6},{"picked":"CarveReality","not_picked":["Evaluate","Tantrum"],"floor":8},{"picked":"Halt","not_picked":["Crescendo","Wallop"],"floor":10},{"picked":"Halt","not_picked":["EmptyFist","FlyingSleeves"],"floor":14}],"event_choices":[{"event_name":"Big Fish","player_choice":"Donut","floor":2,"cards_obtained":null,"cards_removed":null,"cards_transformed":null,"cards_upgraded":null,"relics_obtained":null,"potions_obtained":null,"relics_lost":null,"damage_taken":0,"damage_healed":0,"max_hp_loss":0,"max_hp_gain":5,"gold_gain":0,"gold_loss":0},{"event_name":"Scrap Ooze","player_choice":"Success","floor":3,"cards_obtained":null,"cards_removed":null,"cards_transformed":null,"cards_upgraded":null,"relics_obtained":["Omamori"],"potions_obtained":null,"relics_lost":null,"damage_taken":25,"damage_healed":0,"max_hp_loss":0,"max_hp_gain":0,"gold_gain":0,"gold_loss":0},{"event_name":"Lab","player_choice":"Got Potions","floor":4,"cards_obtained":null,"cards_removed":null,"cards_transformed":null,"cards_upgraded":null,"relics_obtained":null,"potions_obtained":null,"relics_lost":null,"damage_taken":0,"damage_healed":0,"max_hp_loss":0,"max_hp_gain":0,"gold_gain":0,"gold_loss":0},{"event_name":"Living Wall","player_choice":"Forget","floor":7,"cards_obtained":null,"cards_removed":["Strike_P"],"cards_transformed":null,"cards_upgraded":null,"relics_obtained":null,"potions_obtained":null,"relics_lost":null,"damage_taken":0,"damage_healed":0,"max_hp_loss":0,"max_hp_gain":0,"gold_gain":0,"gold_loss":0}],"boss_relics":[],"damage_taken":[{"floor":1,"enemies":"2 Louse","damage":0,"turns":1},{"floor":5,"enemies":"Jaw Worm","damage":0,"turns":1},{"floor":6,"enemies":"Lagavulin","damage":0,"turns":1},{"floor":8,"enemies":"3 Sentries","damage":12,"turns":4},{"floor":10,"enemies":"Small Slimes","damage":0,"turns":2},{"floor":14,"enemies":"Red Slaver","damage":1,"turns":2},{"floor":16,"enemies":"Hexaghost","damage":33,"turns":3}],"potions_obtained":[{"key":"Swift Potion","floor":4},{"key":"CultistPotion","floor":4},{"key":"Weak Potion","floor":10}],"relics_obtained":[{"key":"MawBank","floor":6},{"key":"War Paint","floor":8},{"key":"StrikeDummy","floor":9},{"key":"Boot","floor":12}],"campfire_choices":[{"floor":11,"key":"SMITH","data":"Tantrum"},{"floor":13,"key":"SMITH","data":"PathToVictory"},{"floor":15,"key":"SMITH","data":"CarveReality"}],"circlet_count":0,"win_rate":0,"killed_by":"Hexaghost"}