{"play_id":"38c9c47c-d802-4cd1-96fb-0cbbb55d0b67","build_version":"2020-01-27","seed_played":"-8055333712427488624","chose_seed":false,"seed_source_timestamp":1238102425447,"is_daily":false,"special_seed":null,"is_trial":false,"is_endless":false,"is_ascension_mode":true,"ascension_level":12,"neow_bonus":"BOSS_RELIC","neow_cost":"NONE","is_beta":false,"is_prod":false,"victory":false,"floor_reached":6,"score":58,"timestamp":1710169325,"local_time":"03/11/2024 15:02:05","playtime":190,"player_experience":576777,"master_deck":["AscendersBane","Strike_P","Strike_P","Strike_P","Defend_P","Defend_P","Defend_P","Defend_P","Eruption","Vigilance","CrushJoints","Meditate","Halt"],"relics":["Black Star","Golden Idol"],"gold":141,"campfire_rested":0,"campfire_upgraded":0,"purchased_purges":0,"potions_floor_spawned":[2,5],"potions_floor_usage":[6,6],"current_hp_per_floor":[63,57,39,39,35,0],"max_hp_per_floor":[72,72,72,72,72,72],"gold_per_floor":[111,125,125,125,141,141],"path_per_floor":["M","M","?","?","M","E"],"path_taken":["M","?","?","?","?","E"],"items_purchased":[],"item_purchase_floors":[],"items_purged":[],"items_purged_floors":[],"character_chosen":"WATCHER","card_choices":[{"picked":"CrushJoints","not_picked":["Crescendo","MentalFortress"],"floor":1},{"picked":"Meditate","not_picked":["EmptyBody","Crescendo"],"floor":2},{"picked":"Halt","not_picked":["FlurryOfBlows","WreathOfFlame"],"floor":5}],"event_choices":[{"event_name":"Golden Idol","player_choice":"Take Damage","floor":3,"cards_obtained":null,"cards_removed":null,"cards_transformed":null,"cards_upgraded":null,"relics_obtained":["Golden Idol"],"potions_obtained":null,"relics_lost":null,"damage_taken":18,"damage_healed":0,"max_hp_loss":0,"max_hp_gain":0,"gold_gain":0,"gold_loss":0},{"event_name":"Bonfire Elementals","player_choice":"Offered Basic","floor":4,"cards_obtained":null,"cards_removed":["Strike_P"],"cards_transformed":null,"cards_upgraded":null,"relics_obtained":null,"potions_obtained":null,"relics_lost":null,"damage_taken":0,"damage_healed":0,"max_hp_loss":0,"max_hp_gain":0,"gold_gain":0,"gold_loss":0}],"boss_relics":[],"damage_taken":[{"floor":1,"enemies":"Cultist","damage":2,"turns":4},{"floor":2,"enemies":"2 Louse","damage":6,"turns":2},{"floor":5,"enemies":"Jaw Worm","damage":4,"turns":3},{"floor":6,"enemies":"3 Sentries","damage":35,"turns":2}],"potions_obtained":[{"key":"PowerPotion","floor":2},{"key":"Energy Potion","floor":5}],"relics_obtained":[],"campfire_choices":[],"circlet_count":0,"win_rate":0,"killed_by":"3 Sentries"}