{"play_id":"179cda7b-c764-4f78-b606-7992825d6062","build_version":"2020-01-27","seed_played":"-8889557718136860221","chose_seed":false,"seed_source_timestamp":287071323579,"is_daily":false,"special_seed":null,"is_trial":false,"is_endless":false,"is_ascension_mode":true,"ascension_level":12,"neow_bonus":"BOSS_RELIC","neow_cost":"NONE","is_beta":false,"is_prod":false,"victory":false,"floor_reached":22,"score":399,"timestamp":1710608640,"local_time":"03/16/2024 17:04:00","playtime":646,"player_experience":579341,"master_deck":["AscendersBane","Strike_P","Defend_P","Defend_P","Eruption+1","Vigilance","Brilliance+1","ReachHeaven+1","SignatureMove+1","DeceiveReality","Consecrate","Doubt","PathToVictory+1","LikeWater","ClearTheMind+1","LikeWater","Indignation","Devotion","CurseOfTheBell","Regret"],"relics":["Astrolabe","Ancient Tea Set","Sundial","Lantern","FaceOfCleric","Calling Bell","Juzu Bracelet","Blue Candle","Unceasing Top","Pear"],"gold":388,"campfire_rested":0,"campfire_upgraded":3,"purchased_purges":2,"potions_floor_spawned":[4,14,16],"potions_floor_usage":[7,16,22],"current_hp_per_floor":[65,65,62,62,62,62,52,48,48,48,48,41,42,41,41,42,68,40,26,36,36,0],"max_hp_per_floor":[72,72,72,72,72,72,72,72,72,72,72,73,74,75,75,76,76,77,82,92,92,92],"gold_per_floor":[110,35,35,54,229,229,257,269,292,292,292,303,319,336,336,441,441,454,454,113,388,388],"path_per_floor":["M","$","?","M","?","R","E","M","T","R","?","M","M","M","R","B",null,"M","?","$","?","?"],"path_taken":["M","$","?","M","?","R","E","M","T","R","?","?","M","M","R","BOSS","M","?","$","?","?"],"items_purchased":["Pear"],"item_purchase_floors":[20],"items_purged":["Strike_P","Strike_P"],"items_purged_floors":[2,20],"character_chosen":"WATCHER","card_choices":[{"picked":"DeceiveReality","not_picked":["CutThroughFate","FollowUp"],"floor":1},{"picked":"Consecrate","not_picked":["ThirdEye","Wallop"],"floor":4},{"picked":"PathToVictory","not_picked":["Protect","SashWhip"],"floor":7},{"picked":"LikeWater","not_picked":["ForeignInfluence","Weave"],"floor":8},{"picked":"ClearTheMind","not_picked":["ReachHeaven","Prostrate"],"floor":12},{"picked":"LikeWater","not_picked":["FlurryOfBlows","Sanctity"],"floor":13},{"picked":"Indignation","not_picked":["SashWhip","EmptyBody"],"floor":14},{"picked":"Devotion","not_picked":["Vault","LessonLearned"],"floor":16},{"picked":"SKIP","not_picked":["CrushJoints","FollowUp","Prostrate"],"floor":18}],"event_choices":[{"event_name":"Scrap Ooze","player_choice":"Success","floor":3,"cards_obtained":null,"cards_removed":null,"cards_transformed":null,"cards_upgraded":null,"relics_obtained":["Ancient Tea Set"],"potions_obtained":null,"relics_lost":null,"damage_taken":3,"damage_healed":0,"max_hp_loss":0,"max_hp_gain":0,"gold_gain":0,"gold_loss":0},{"event_name":"Liars Game","player_choice":"AGREE","floor":5,"cards_obtained":["Doubt"],"cards_removed":null,"cards_transformed":null,"cards_upgraded":null,"relics_obtained":null,"potions_obtained":null,"relics_lost":null,"damage_taken":0,"damage_healed":0,"max_hp_loss":0,"max_hp_gain":0,"gold_gain":175,"gold_loss":0},{"event_name":"FaceTrader","player_choice":"Trade","floor":11,"cards_obtained":null,"cards_removed":null,"cards_transformed":null,"cards_upgraded":null,"relics_obtained":["FaceOfCleric"],"potions_obtained":null,"relics_lost":null,"damage_taken":0,"damage_healed":0,"max_hp_loss":0,"max_hp_gain":0,"gold_gain":0,"gold_loss":0},{"event_name":"Forgotten Altar","player_choice":"Shed Blood","floor":19,"cards_obtained":null,"cards_removed":null,"cards_transformed":null,"cards_upgraded":null,"relics_obtained":null,"potions_obtained":null,"relics_lost":null,"damage_taken":19,"damage_healed":0,"max_hp_loss":0,"max_hp_gain":5,"gold_gain":0,"gold_loss":0},{"event_name":"Golden Shrine","player_choice":"Desecrate","floor":21,"cards_obtained":["Regret"],"cards_removed":null,"cards_transformed":null,"cards_upgraded":null,"relics_obtained":null,"potions_obtained":null,"relics_lost":null,"damage_taken":0,"damage_healed":0,"max_hp_loss":0,"max_hp_gain":0,"gold_gain":275,"gold_loss":0},{"event_name":"Masked Bandits","player_choice":"Fought Bandits","floor":22,"cards_obtained":null,"cards_removed":null,"cards_transformed":null,"cards_upgraded":null,"relics_obtained":null,"potions_obtained":null,"relics_lost":null,"damage_taken":0,"damage_healed":0,"max_hp_loss":0,"max_hp_gain":0,"gold_gain":0,"gold_loss":0}],"boss_relics":[{"picked":"Calling Bell","not_picked":["Sozu","Velvet Choker"]}],"damage_taken":[{"floor":1,"enemies":"Cultist","damage":0,"turns":2},{"floor":4,"enemies":"2 Louse","damage":0,"turns":2},{"floor":7,"enemies":"Gremlin Nob","damage":10,"turns":3},{"floor":8,"enemies":"Jaw Worm","damage":4,"turns":2},{"floor":12,"enemies":"Blue Slaver","damage":8,"turns":3},{"floor":13,"enemies":"Exordium Wildlife","damage":0,"turns":3},{"floor":14,"enemies":"Red Slaver","damage":2,"turns":2},{"floor":16,"enemies":"Slime Boss","damage":0,"turns":3},{"floor":18,"enemies":"2 Thieves","damage":29,"turns":5},{"floor":22,"enemies":"Masked Bandits","damage":72,"turns":5}],"potions_obtained":[{"key":"DistilledChaos","floor":4},{"key":"Ambrosia","floor":14},{"key":"SpeedPotion","floor":16}],"relics_obtained":[{"key":"Sundial","floor":7},{"key":"Lantern","floor":9},{"key":"Juzu Bracelet","floor":17},{"key":"Blue Candle","floor":17},{"key":"Unceasing Top","floor":17}],"campfire_choices":[{"floor":6,"key":"SMITH","data":"Eruption"},{"floor":10,"key":"SMITH","data":"PathToVictory"},{"floor":15,"key":"SMITH","data":"ClearTheMind"}],"circlet_count":0,"win_rate":0,"killed_by":"Masked Bandits"}