{"play_id":"b88e5eec-26e9-4c40-ae22-7e3bc59776e7","build_version":"2020-01-27","seed_played":"-2706939721016805572","chose_seed":false,"seed_source_timestamp":0,"is_daily":false,"special_seed":0,"is_trial":false,"is_endless":false,"is_ascension_mode":true,"ascension_level":12,"neow_bonus":"BOSS_RELIC","neow_cost":"NONE","is_beta":false,"is_prod":false,"victory":false,"floor_reached":25,"score":403,"timestamp":1710120363,"local_time":"03/11/2024 01:26:03","playtime":1052,"player_experience":575725,"master_deck":["AscendersBane","Strike_P+1","Strike_P","Defend_P+1","Defend_P","Defend_P","Defend_P","Eruption+1","Vigilance","Vengeance","CutThroughFate","FollowUp","FollowUp","ReachHeaven+1","DevaForm","Wallop","Necronomicurse","Fasting2"],"relics":["Runic Pyramid","Anchor","Vajra","Dream Catcher","Centennial Puzzle","Singing Bowl","Lantern","Empty Cage","Necronomicon","The Courier","FaceOfCleric"],"gold":104,"campfire_rested":1,"campfire_upgraded":2,"purchased_purges":1,"potions_floor_spawned":[1,2,8,13,21],"potions_floor_usage":[],"current_hp_per_floor":[61,56,44,44,30,51,69,69,69,69,50,50,50,50,50,23,58,30,14,14,9,9,11,11,0],"max_hp_per_floor":[72,72,72,72,72,72,72,72,72,72,72,72,72,72,72,72,69,69,69,69,71,71,71,71,71],"gold_per_floor":[119,135,135,150,150,150,150,183,209,209,244,3,15,15,15,119,119,138,138,63,79,79,104,104,104],"path_per_floor":["M","M","?","M","?","R","?","E","T","R","E","$","M","?","R","B","ul","M","?","$","M","?","E","?","E"],"path_taken":["M","M","?","M","?","R","?","E","T","R","E","$","M","?","R","BOSS","M","?","$","M","?","E","?","E"],"items_purchased":["Singing Bowl"],"item_purchase_floors":[12],"items_purged":["Strike_P"],"items_purged_floors":[20],"character_chosen":"WATCHER","card_choices":[{"picked":"Vengeance","not_picked":["Indignation","Fasting2"],"floor":1},{"picked":"CutThroughFate","not_picked":["JustLucky","FlyingSleeves"],"floor":2},{"picked":"FollowUp","not_picked":["JustLucky","Vengeance"],"floor":4},{"picked":"FollowUp","not_picked":["Worship","Scrawl"],"floor":8},{"picked":"SKIP","not_picked":["Vengeance","EmptyBody","DeceiveReality"],"floor":11},{"picked":"ReachHeaven","not_picked":["ClearTheMind","SashWhip"],"floor":13},{"picked":"DevaForm","not_picked":["SpiritShield","Devotion"],"floor":16},{"picked":"Wallop","not_picked":["Vengeance","SashWhip"],"floor":18},{"picked":"Singing Bowl","not_picked":["Evaluate","CutThroughFate","Study"],"floor":21},{"picked":"Fasting2","not_picked":["EmptyFist","PathToVictory"],"floor":23}],"event_choices":[{"event_name":"Scrap Ooze","player_choice":"Success","floor":3,"cards_obtained":null,"cards_removed":null,"cards_transformed":null,"cards_upgraded":null,"relics_obtained":["Anchor"],"potions_obtained":null,"relics_lost":null,"damage_taken":12,"damage_healed":0,"max_hp_loss":0,"max_hp_gain":0,"gold_gain":0,"gold_loss":0},{"event_name":"Shining Light","player_choice":"Entered Light","floor":5,"cards_obtained":null,"cards_removed":null,"cards_transformed":null,"cards_upgraded":["Defend_P","Strike_P"],"relics_obtained":null,"potions_obtained":null,"relics_lost":null,"damage_taken":14,"damage_healed":0,"max_hp_loss":0,"max_hp_gain":0,"gold_gain":0,"gold_loss":0},{"event_name":"Mushrooms","player_choice":"Healed and dodged fight","floor":7,"cards_obtained":["Parasite"],"cards_removed":null,"cards_transformed":null,"cards_upgraded":null,"relics_obtained":null,"potions_obtained":null,"relics_lost":null,"damage_taken":0,"damage_healed":18,"max_hp_loss":0,"max_hp_gain":0,"gold_gain":0,"gold_loss":0},{"event_name":"Dead Adventurer","player_choice":"Searched '1' times","floor":14,"cards_obtained":null,"cards_removed":null,"cards_transformed":null,"cards_upgraded":null,"relics_obtained":["Lantern"],"potions_obtained":null,"relics_lost":null,"damage_taken":0,"damage_healed":0,"max_hp_loss":0,"max_hp_gain":0,"gold_gain":0,"gold_loss":0},{"event_name":"Cursed Tome","player_choice":"Obtained Book","floor":19,"cards_obtained":null,"cards_removed":null,"cards_transformed":null,"cards_upgraded":null,"relics_obtained":null,"potions_obtained":null,"relics_lost":null,"damage_taken":16,"damage_healed":0,"max_hp_loss":0,"max_hp_gain":0,"gold_gain":0,"gold_loss":0},{"event_name":"Vampires","player_choice":"Ignored","floor":22,"cards_obtained":null,"cards_removed":null,"cards_transformed":null,"cards_upgraded":null,"relics_obtained":null,"potions_obtained":null,"relics_lost":null,"damage_taken":0,"damage_healed":0,"max_hp_loss":0,"max_hp_gain":0,"gold_gain":0,"gold_loss":0},{"event_name":"FaceTrader","player_choice":"Trade","floor":24,"cards_obtained":null,"cards_removed":null,"cards_transformed":null,"cards_upgraded":null,"relics_obtained":["FaceOfCleric"],"potions_obtained":null,"relics_lost":null,"damage_taken":0,"damage_healed":0,"max_hp_loss":0,"max_hp_gain":0,"gold_gain":0,"gold_loss":0}],"boss_relics":[{"picked":"Empty Cage","not_picked":["VioletLotus","Calling Bell"]}],"damage_taken":[{"floor":1,"enemies":"Jaw Worm","damage":4,"turns":3},{"floor":2,"enemies":"2 Louse","damage":5,"turns":2},{"floor":4,"enemies":"Small Slimes","damage":0,"turns":2},{"floor":8,"enemies":"Lagavulin","damage":0,"turns":2},{"floor":11,"enemies":"Gremlin Nob","damage":19,"turns":3},{"floor":13,"enemies":"Exordium Thugs","damage":0,"turns":2},{"floor":16,"enemies":"The Guardian","damage":27,"turns":8},{"floor":18,"enemies":"Shell Parasite","damage":28,"turns":4},{"floor":21,"enemies":"2 Thieves","damage":7,"turns":2},{"floor":23,"enemies":"Book of Stabbing","damage":26,"turns":5},{"floor":25,"enemies":"Slavers","damage":11,"turns":1}],"potions_obtained":[{"key":"SteroidPotion","floor":1},{"key":"Strength Potion","floor":2},{"key":"Weak Potion","floor":8},{"key":"Ancient Potion","floor":13},{"key":"FairyPotion","floor":21}],"relics_obtained":[{"key":"Vajra","floor":8},{"key":"Dream Catcher","floor":9},{"key":"Centennial Puzzle","floor":11},{"key":"Necronomicon","floor":19},{"key":"The Courier","floor":23}],"campfire_choices":[{"floor":6,"key":"REST"},{"floor":10,"key":"SMITH","data":"Eruption"},{"floor":15,"key":"SMITH","data":"ReachHeaven"}],"circlet_count":0,"win_rate":0,"killed_by":"Slavers"}