{"play_id":"1bbc2e34-d8da-435a-9fed-0db6951af5f6","build_version":"2020-01-27","seed_played":"-6518281591154633701","chose_seed":false,"seed_source_timestamp":615659239051,"is_daily":false,"special_seed":null,"is_trial":false,"is_endless":false,"is_ascension_mode":true,"ascension_level":12,"neow_bonus":"ONE_RANDOM_RARE_CARD","neow_cost":"NONE","is_beta":false,"is_prod":false,"victory":false,"floor_reached":8,"score":86,"timestamp":1710684591,"local_time":"03/17/2024 14:09:51","playtime":170,"player_experience":582292,"master_deck":["AscendersBane","Strike_P","Strike_P","Strike_P","Defend_P","Defend_P","Defend_P","Eruption","Vigilance","ConjureBlade+1","SandsOfTime","Ragnarok"],"relics":["PureWater","Nunchaku"],"gold":105,"campfire_rested":0,"campfire_upgraded":1,"purchased_purges":1,"potions_floor_spawned":[1],"potions_floor_usage":[6],"current_hp_per_floor":[65,65,54,54,54,19,19,0],"max_hp_per_floor":[72,72,72,72,72,72,72,72],"gold_per_floor":[110,35,110,60,76,105,105,105],"path_per_floor":["M","$","?","?","M","E","R","E"],"path_taken":["M","?","?","?","M","E","R","E"],"items_purchased":[],"item_purchase_floors":[],"items_purged":["Strike_P"],"items_purged_floors":[2],"character_chosen":"WATCHER","card_choices":[{"picked":"SandsOfTime","not_picked":["CrushJoints","FlurryOfBlows"],"floor":1},{"picked":"SKIP","not_picked":["EmptyBody","Crescendo","BowlingBash"],"floor":5},{"picked":"Ragnarok","not_picked":["ClearTheMind","Pray"],"floor":6}],"event_choices":[{"event_name":"World of Goop","player_choice":"Gather Gold","floor":3,"cards_obtained":null,"cards_removed":null,"cards_transformed":null,"cards_upgraded":null,"relics_obtained":null,"potions_obtained":null,"relics_lost":null,"damage_taken":11,"damage_healed":0,"max_hp_loss":0,"max_hp_gain":0,"gold_gain":75,"gold_loss":0},{"event_name":"The Cleric","player_choice":"Card Removal","floor":4,"cards_obtained":null,"cards_removed":["Defend_P"],"cards_transformed":null,"cards_upgraded":null,"relics_obtained":null,"potions_obtained":null,"relics_lost":null,"damage_taken":0,"damage_healed":0,"max_hp_loss":0,"max_hp_gain":0,"gold_gain":0,"gold_loss":50}],"boss_relics":[],"damage_taken":[{"floor":1,"enemies":"Cultist","damage":0,"turns":2},{"floor":5,"enemies":"Small Slimes","damage":0,"turns":3},{"floor":6,"enemies":"Lagavulin","damage":35,"turns":4},{"floor":8,"enemies":"Gremlin Nob","damage":40,"turns":2}],"potions_obtained":[{"key":"ColorlessPotion","floor":1}],"relics_obtained":[{"key":"Nunchaku","floor":6}],"campfire_choices":[{"floor":7,"key":"SMITH","data":"ConjureBlade"}],"circlet_count":0,"win_rate":0,"killed_by":"Gremlin Nob"}