{"play_id":"24d643a6-ff35-48e0-9b94-3d07f3f56083","build_version":"2020-01-27","seed_played":"-4229243087966035778","chose_seed":false,"seed_source_timestamp":2113637372526,"is_daily":false,"special_seed":null,"is_trial":false,"is_endless":false,"is_ascension_mode":true,"ascension_level":12,"neow_bonus":"THREE_RARE_CARDS","neow_cost":"TEN_PERCENT_HP_LOSS","is_beta":false,"is_prod":false,"victory":true,"floor_reached":51,"score":1385,"timestamp":1711156340,"local_time":"03/23/2024 01:12:20","playtime":2710,"player_experience":586819,"master_deck":["AscendersBane","Strike_P","Strike_P","Defend_P","Defend_P+1","Eruption","Vigilance","Brilliance+1","WheelKick","LikeWater","Vengeance","Halt+1","Vault+1","Pray+1","SpiritShield+1","Meditate+1","LikeWater+1","Wallop+1","Devotion+1","Devotion","Halt+1","Pray","Madness+1","Madness","Prostrate","Swivel","Worship","LikeWater","FearNoEvil+1"],"relics":["PureWater","StrikeDummy","Gremlin Horn","Toy Ornithopter","Runic Pyramid","CaptainsWheel","Molten Egg 2","Orichalcum","Lantern","Bottled Lightning","Tiny House","Pear","Centennial Puzzle","Red Mask","War Paint","Girya","Damaru"],"gold":10,"campfire_rested":2,"campfire_upgraded":6,"purchased_purges":2,"potions_floor_spawned":[1,6,14,20,23,27,28,30,40,46,47],"potions_floor_usage":[4,16,20,25,25,35,42,42,50],"current_hp_per_floor":[59,59,59,59,59,34,27,27,27,27,27,27,27,27,27,16,53,53,53,58,58,58,38,38,36,36,36,36,36,36,36,36,36,63,65,59,69,69,59,49,49,19,19,19,43,40,40,40,64,65],"max_hp_per_floor":[65,65,65,65,65,65,65,65,65,65,65,65,65,65,65,65,65,65,65,65,65,65,65,65,65,65,65,65,65,65,65,65,65,70,70,70,80,80,80,80,80,80,80,80,80,80,80,80,80,80],"gold_per_floor":[117,117,2,22,36,63,78,78,78,78,40,71,71,83,83,186,186,201,201,217,234,149,182,182,209,232,265,280,280,297,297,297,396,446,460,472,72,88,88,116,0,10,37,37,37,62,78,10,10,10],"path_per_floor":["M","?","$","M","M","E","M","R","T","R","$","E","R","M","R","B",null,"M","?","M","M","?","E","R","E","T","E","M","?","M","?","R","B",null,"M","M","$","M","?","E","?","M","T","T","R","E","M","$","R","B",null],"path_taken":["M","?","?","?","M","E","M","R","T","R","$","E","R","M","R","BOSS","M","?","M","M","?","E","R","E","T","E","M","?","?","?","R","BOSS","M","M","$","?","?","E","?","M","T","?","R","E","M","?","R","BOSS"],"items_purchased":["LikeWater","Pray","Pear","AttackPotion","FearNoEvil+1"],"item_purchase_floors":[3,11,37,37,48],"items_purged":["Strike_P","Defend_P"],"items_purged_floors":[3,37],"character_chosen":"WATCHER","card_choices":[{"picked":"Brilliance","not_picked":["LessonLearned","Vault"],"floor":0},{"picked":"WheelKick","not_picked":["Halt","Conclude"],"floor":1},{"picked":"Vengeance","not_picked":["EmptyBody","SashWhip"],"floor":4},{"picked":"Halt","not_picked":["FollowUp","JustLucky"],"floor":5},{"picked":"Vault","not_picked":["EmptyBody","Study"],"floor":6},{"picked":"SKIP","not_picked":["Nirvana","PathToVictory","Weave"],"floor":7},{"picked":"SKIP","not_picked":["PathToVictory","CarveReality","Alpha"],"floor":12},{"picked":"SKIP","not_picked":["ReachHeaven","WheelKick","BowlingBash"],"floor":14},{"picked":"SpiritShield","not_picked":["Omniscience","Wish"],"floor":16},{"picked":"SKIP","not_picked":["Protect","ThirdEye","Indignation+1"],"floor":18},{"picked":"Meditate+1","not_picked":["Nirvana","FollowUp"],"floor":20},{"picked":"LikeWater+1","not_picked":["ClearTheMind","EmptyFist"],"floor":21},{"picked":"Wallop+1","not_picked":["ForeignInfluence","TalkToTheHand+1"],"floor":23},{"picked":"SKIP","not_picked":["MentalFortress","ForeignInfluence","LessonLearned+1"],"floor":25},{"picked":"Devotion","not_picked":["Tantrum+1","Prostrate"],"floor":27},{"picked":"SKIP","not_picked":["WreathOfFlame","Evaluate","ThirdEye"],"floor":28},{"picked":"SKIP","not_picked":["Evaluate","Blasphemy","Crescendo"],"floor":30},{"picked":"Devotion","not_picked":["Scrawl","SpiritShield"],"floor":33},{"picked":"Halt","not_picked":["WindmillStrike+1","DeceiveReality"],"floor":34},{"picked":"Pray","not_picked":["CrushJoints+1","EmptyBody+1"],"floor":35},{"picked":"SKIP","not_picked":["InnerPeace","Evaluate+1","CarveReality+1"],"floor":36},{"picked":"SKIP","not_picked":["SandsOfTime+1","ClearTheMind","FlyingSleeves+1"],"floor":38},{"picked":"Prostrate","not_picked":["PathToVictory","TalkToTheHand+1"],"floor":40},{"picked":"Swivel","not_picked":["CrushJoints+1","Judgement"],"floor":42},{"picked":"Worship","not_picked":["Indignation","FollowUp+1"],"floor":46},{"picked":"LikeWater","not_picked":["EmptyFist+1","PathToVictory"],"floor":47}],"event_choices":[{"event_name":"Match and Keep!","player_choice":"0 cards matched","floor":2,"cards_obtained":[],"cards_removed":null,"cards_transformed":null,"cards_upgraded":null,"relics_obtained":null,"potions_obtained":null,"relics_lost":null,"damage_taken":0,"damage_healed":0,"max_hp_loss":0,"max_hp_gain":0,"gold_gain":0,"gold_loss":0},{"event_name":"Back to Basics","player_choice":"Elegance","floor":19,"cards_obtained":null,"cards_removed":["Strike_P"],"cards_transformed":null,"cards_upgraded":null,"relics_obtained":null,"potions_obtained":null,"relics_lost":null,"damage_taken":0,"damage_healed":0,"max_hp_loss":0,"max_hp_gain":0,"gold_gain":0,"gold_loss":0},{"event_name":"Addict","player_choice":"Obtained Relic","floor":22,"cards_obtained":null,"cards_removed":null,"cards_transformed":null,"cards_upgraded":null,"relics_obtained":["CaptainsWheel"],"potions_obtained":null,"relics_lost":null,"damage_taken":0,"damage_healed":0,"max_hp_loss":0,"max_hp_gain":0,"gold_gain":0,"gold_loss":85},{"event_name":"Lab","player_choice":"Got Potions","floor":29,"cards_obtained":null,"cards_removed":null,"cards_transformed":null,"cards_upgraded":null,"relics_obtained":null,"potions_obtained":null,"relics_lost":null,"damage_taken":0,"damage_healed":0,"max_hp_loss":0,"max_hp_gain":0,"gold_gain":0,"gold_loss":0},{"event_name":"Purifier","player_choice":"Purged","floor":31,"cards_obtained":null,"cards_removed":["Defend_P"],"cards_transformed":null,"cards_upgraded":null,"relics_obtained":null,"potions_obtained":null,"relics_lost":null,"damage_taken":0,"damage_healed":0,"max_hp_loss":0,"max_hp_gain":0,"gold_gain":0,"gold_loss":0},{"event_name":"Winding Halls","player_choice":"Embrace Madness","floor":39,"cards_obtained":["Madness","Madness"],"cards_removed":null,"cards_transformed":null,"cards_upgraded":null,"relics_obtained":null,"potions_obtained":null,"relics_lost":null,"damage_taken":10,"damage_healed":0,"max_hp_loss":0,"max_hp_gain":0,"gold_gain":0,"gold_loss":0},{"event_name":"Tomb of Lord Red Mask","player_choice":"Paid","floor":41,"cards_obtained":null,"cards_removed":null,"cards_transformed":null,"cards_upgraded":null,"relics_obtained":["Red Mask"],"potions_obtained":null,"relics_lost":null,"damage_taken":0,"damage_healed":0,"max_hp_loss":0,"max_hp_gain":0,"gold_gain":0,"gold_loss":116}],"boss_relics":[{"picked":"Runic Pyramid","not_picked":["Snecko Eye","HolyWater"]},{"picked":"Tiny House","not_picked":["Philosopher's Stone","Velvet Choker"]}],"damage_taken":[{"floor":1,"enemies":"Jaw Worm","damage":6,"turns":4},{"floor":4,"enemies":"Cultist","damage":0,"turns":3},{"floor":5,"enemies":"2 Louse","damage":0,"turns":1},{"floor":6,"enemies":"3 Sentries","damage":25,"turns":6},{"floor":7,"enemies":"2 Fungi Beasts","damage":7,"turns":3},{"floor":12,"enemies":"Gremlin Nob","damage":0,"turns":3},{"floor":14,"enemies":"Exordium Wildlife","damage":0,"turns":4},{"floor":16,"enemies":"Hexaghost","damage":16,"turns":10},{"floor":18,"enemies":"Spheric Guardian","damage":0,"turns":3},{"floor":20,"enemies":"3 Byrds","damage":0,"turns":3},{"floor":21,"enemies":"Snecko","damage":0,"turns":4},{"floor":23,"enemies":"Book of Stabbing","damage":20,"turns":6},{"floor":25,"enemies":"Slavers","damage":12,"turns":5},{"floor":27,"enemies":"Gremlin Leader","damage":0,"turns":6},{"floor":28,"enemies":"Chosen and Byrds","damage":0,"turns":5},{"floor":30,"enemies":"Centurion and Healer","damage":0,"turns":7},{"floor":33,"enemies":"Champ","damage":0,"turns":8},{"floor":35,"enemies":"3 Shapes","damage":3,"turns":5},{"floor":36,"enemies":"3 Darklings","damage":6,"turns":5},{"floor":38,"enemies":"Maw","damage":0,"turns":5},{"floor":40,"enemies":"Giant Head","damage":10,"turns":6},{"floor":42,"enemies":"4 Shapes","damage":40,"turns":5},{"floor":46,"enemies":"Nemesis","damage":3,"turns":8},{"floor":47,"enemies":"Spire Growth","damage":0,"turns":4},{"floor":50,"enemies":"Time Eater","damage":4,"turns":6}],"potions_obtained":[{"key":"ColorlessPotion","floor":1},{"key":"LiquidBronze","floor":6},{"key":"Weak Potion","floor":14},{"key":"Explosive Potion","floor":20},{"key":"Ancient Potion","floor":23},{"key":"PowerPotion","floor":27},{"key":"SteroidPotion","floor":28},{"key":"DistilledChaos","floor":46},{"key":"StancePotion","floor":47}],"relics_obtained":[{"key":"StrikeDummy","floor":6},{"key":"Gremlin Horn","floor":9},{"key":"Toy Ornithopter","floor":12},{"key":"Molten Egg 2","floor":23},{"key":"Orichalcum","floor":25},{"key":"Lantern","floor":26},{"key":"Bottled Lightning","floor":27},{"key":"Centennial Puzzle","floor":40},{"key":"War Paint","floor":43},{"key":"Girya","floor":44},{"key":"Damaru","floor":46}],"campfire_choices":[{"floor":8,"key":"SMITH","data":"Vault"},{"floor":10,"key":"SMITH","data":"Brilliance"},{"floor":13,"key":"SMITH","data":"Pray"},{"floor":15,"key":"SMITH","data":"Halt"},{"floor":24,"key":"SMITH","data":"SpiritShield"},{"floor":32,"key":"SMITH","data":"Devotion"},{"floor":45,"key":"REST"},{"floor":49,"key":"REST"}],"circlet_count":0,"win_rate":0,"killed_by":null}