{"play_id":"e78d82d6-892e-4f8a-9906-89e26a2e5772","build_version":"2020-01-27","seed_played":"2992125822831368696","chose_seed":false,"seed_source_timestamp":451672910489,"is_daily":false,"special_seed":null,"is_trial":false,"is_endless":false,"is_ascension_mode":true,"ascension_level":13,"neow_bonus":"THREE_ENEMY_KILL","neow_cost":"NONE","is_beta":false,"is_prod":false,"victory":false,"floor_reached":22,"score":358,"timestamp":1714783979,"local_time":"05/04/2024 00:52:59","playtime":733,"player_experience":632054,"master_deck":["AscendersBane","Eruption+1","Vigilance","WheelKick+1","Vengeance","SpiritShield+1","Perseverance","FollowUp","Wireheading+1","Devotion","Consecrate","Sanctity","Wallop","FlyingSleeves","Nirvana","Weave","Sanctity","WindmillStrike","Necronomicurse"],"relics":["PureWater","NeowsBlessing","Shuriken","Damaru","Question Card","Pantograph","Pandora's Box","Necronomicon"],"gold":231,"campfire_rested":0,"campfire_upgraded":3,"purchased_purges":0,"potions_floor_spawned":[1,5,13,18,19],"potions_floor_usage":[13,14,22],"current_hp_per_floor":[65,65,65,65,65,65,65,65,65,51,51,51,43,38,38,21,59,59,37,21,14,0],"max_hp_per_floor":[72,72,72,72,72,72,72,72,72,72,72,72,72,72,72,72,72,72,72,72,72,72],"gold_per_floor":[114,24,24,24,41,41,72,0,73,73,73,83,117,129,129,205,205,220,231,231,231,231],"path_per_floor":["M","?","$","?","M","R","E","$","T","?","R","M","E","M","R","B",null,"M","M","?","?","M"],"path_taken":["M","?","?","?","?","R","E","$","T","?","R","M","E","M","R","BOSS","M","M","?","?","M"],"items_purchased":["SpiritShield"],"item_purchase_floors":[8],"items_purged":[],"items_purged_floors":[],"character_chosen":"WATCHER","card_choices":[{"picked":"WheelKick","not_picked":["FollowUp","BattleHymn"],"floor":1},{"picked":"Vengeance","not_picked":["JustLucky","Nirvana"],"floor":5},{"picked":"SKIP","not_picked":["Blasphemy","Crescendo","Sanctity"],"floor":7},{"picked":"Perseverance","not_picked":["JustLucky","CrushJoints","EmptyFist"],"floor":12},{"picked":"FollowUp","not_picked":["DeceiveReality","SashWhip","Crescendo"],"floor":13},{"picked":"Wireheading","not_picked":["Fasting2","EmptyBody","Study"],"floor":14},{"picked":"Devotion","not_picked":["Blasphemy","LessonLearned","Establishment"],"floor":16},{"picked":"WindmillStrike","not_picked":["Collect","Protect","Weave"],"floor":18},{"picked":"SKIP","not_picked":["Wireheading","CrushJoints+1","ForeignInfluence","Consecrate"],"floor":19}],"event_choices":[{"event_name":"WeMeetAgain","player_choice":"Paid Gold","floor":2,"cards_obtained":null,"cards_removed":null,"cards_transformed":null,"cards_upgraded":null,"relics_obtained":["Shuriken"],"potions_obtained":null,"relics_lost":null,"damage_taken":0,"damage_healed":0,"max_hp_loss":0,"max_hp_gain":0,"gold_gain":0,"gold_loss":90},{"event_name":"Living Wall","player_choice":"Forget","floor":4,"cards_obtained":null,"cards_removed":["Strike_P"],"cards_transformed":null,"cards_upgraded":null,"relics_obtained":null,"potions_obtained":null,"relics_lost":null,"damage_taken":0,"damage_healed":0,"max_hp_loss":0,"max_hp_gain":0,"gold_gain":0,"gold_loss":0},{"event_name":"Shining Light","player_choice":"Entered Light","floor":10,"cards_obtained":null,"cards_removed":null,"cards_transformed":null,"cards_upgraded":["WheelKick","Defend_P"],"relics_obtained":null,"potions_obtained":null,"relics_lost":null,"damage_taken":14,"damage_healed":0,"max_hp_loss":0,"max_hp_gain":0,"gold_gain":0,"gold_loss":0},{"event_name":"Cursed Tome","player_choice":"Obtained Book","floor":20,"cards_obtained":null,"cards_removed":null,"cards_transformed":null,"cards_upgraded":null,"relics_obtained":null,"potions_obtained":null,"relics_lost":null,"damage_taken":16,"damage_healed":0,"max_hp_loss":0,"max_hp_gain":0,"gold_gain":0,"gold_loss":0},{"event_name":"Wheel of Change","player_choice":"Damaged","floor":21,"cards_obtained":null,"cards_removed":null,"cards_transformed":null,"cards_upgraded":null,"relics_obtained":null,"potions_obtained":null,"relics_lost":null,"damage_taken":7,"damage_healed":0,"max_hp_loss":0,"max_hp_gain":0,"gold_gain":0,"gold_loss":0}],"boss_relics":[{"picked":"Pandora's Box","not_picked":["Philosopher's Stone","SacredBark"]}],"damage_taken":[{"floor":1,"enemies":"2 Louse","damage":0,"turns":1},{"floor":5,"enemies":"Cultist","damage":0,"turns":1},{"floor":7,"enemies":"3 Sentries","damage":0,"turns":1},{"floor":12,"enemies":"Jaw Worm","damage":0,"turns":3},{"floor":13,"enemies":"Lagavulin","damage":8,"turns":5},{"floor":14,"enemies":"Looter","damage":5,"turns":2},{"floor":16,"enemies":"The Guardian","damage":42,"turns":13},{"floor":18,"enemies":"Spheric Guardian","damage":0,"turns":2},{"floor":19,"enemies":"2 Thieves","damage":22,"turns":5},{"floor":22,"enemies":"Centurion and Healer","damage":16,"turns":2}],"potions_obtained":[{"key":"Block Potion","floor":1},{"key":"FearPotion","floor":5},{"key":"Strength Potion","floor":13},{"key":"Swift Potion","floor":18}],"relics_obtained":[{"key":"Damaru","floor":7},{"key":"Question Card","floor":9},{"key":"Pantograph","floor":13},{"key":"Necronomicon","floor":20}],"campfire_choices":[{"floor":6,"key":"SMITH","data":"Eruption"},{"floor":11,"key":"SMITH","data":"SpiritShield"},{"floor":15,"key":"SMITH","data":"Wireheading"}],"circlet_count":0,"win_rate":0,"killed_by":"Centurion and Healer"}