{"play_id":"fb55ffa3-e931-437c-a3a8-d696f5b20b56","build_version":"2020-01-27","seed_played":"4138165107005637918","chose_seed":false,"seed_source_timestamp":651717084701,"is_daily":false,"special_seed":null,"is_trial":false,"is_endless":false,"is_ascension_mode":true,"ascension_level":13,"neow_bonus":"THREE_ENEMY_KILL","neow_cost":"NONE","is_beta":false,"is_prod":false,"victory":false,"floor_reached":23,"score":386,"timestamp":1715439481,"local_time":"05/11/2024 14:58:01","playtime":775,"player_experience":633624,"master_deck":["AscendersBane","Strike_P+1","Strike_P","Strike_P","Defend_P+1","Defend_P","Eruption+1","Vigilance","Conclude","Prostrate","EmptyBody","PathToVictory+1","Prostrate","ReachHeaven","FearNoEvil","ReachHeaven","WindmillStrike","Consecrate","Brilliance","CurseOfTheBell","LikeWater","PathToVictory","PathToVictory","SpiritShield"],"relics":["PureWater","NeowsBlessing","Pantograph","Lantern","Prayer Wheel","Bottled Flame","Calling Bell","Strawberry","Meat on the Bone","Bird Faced Urn","Red Mask","NlothsMask"],"gold":117,"campfire_rested":0,"campfire_upgraded":2,"purchased_purges":2,"potions_floor_spawned":[2,10,13,14,18,22],"potions_floor_usage":[10,13,16,18,20,23],"current_hp_per_floor":[65,65,70,70,55,55,55,55,55,42,42,42,35,35,35,27,72,51,51,27,27,16,0],"max_hp_per_floor":[72,72,77,77,77,77,77,77,77,77,77,77,77,77,77,77,84,84,84,84,84,84,84],"gold_per_floor":[109,122,122,72,72,72,102,27,53,81,97,110,136,151,151,226,226,242,63,97,97,117,117],"path_per_floor":["M","M","?","?","?","R","E","$","T","E","M","M","E","M","R","B",null,"M","$","?","?","M","E"],"path_taken":["M","M","?","?","?","R","E","$","T","E","?","M","E","M","R","BOSS","M","?","?","?","?","E"],"items_purchased":["LikeWater"],"item_purchase_floors":[19],"items_purged":["Defend_P","Strike_P"],"items_purged_floors":[8,19],"character_chosen":"WATCHER","card_choices":[{"picked":"Conclude","not_picked":["Protect","FlyingSleeves"],"floor":1},{"picked":"Prostrate","not_picked":["Protect","ClearTheMind"],"floor":2},{"picked":"EmptyBody","not_picked":["Establishment","SashWhip"],"floor":7},{"picked":"PathToVictory","not_picked":["CutThroughFate","Meditate"],"floor":10},{"picked":"Prostrate","not_picked":["Adaptation","EmptyBody"],"floor":11},{"picked":"ReachHeaven","not_picked":["JustLucky","Meditate"],"floor":11},{"picked":"FearNoEvil","not_picked":["DevaForm","SashWhip"],"floor":12},{"picked":"SKIP","not_picked":["FollowUp","Study","JustLucky"],"floor":12},{"picked":"ReachHeaven","not_picked":["Sanctity","ThirdEye"],"floor":13},{"picked":"WindmillStrike","not_picked":["EmptyBody","FollowUp"],"floor":14},{"picked":"Consecrate","not_picked":["ClearTheMind","CrushJoints"],"floor":14},{"picked":"Brilliance","not_picked":["Establishment","Ragnarok"],"floor":16},{"picked":"SKIP","not_picked":["Protect","Consecrate","Collect"],"floor":18},{"picked":"SKIP","not_picked":["WaveOfTheHand","JustLucky","DeceiveReality"],"floor":18},{"picked":"PathToVictory","not_picked":["WheelKick","FollowUp+1"],"floor":20},{"picked":"PathToVictory","not_picked":["FollowUp","Study"],"floor":22},{"picked":"SpiritShield","not_picked":["WaveOfTheHand","FlyingSleeves"],"floor":22}],"event_choices":[{"event_name":"Big Fish","player_choice":"Donut","floor":3,"cards_obtained":null,"cards_removed":null,"cards_transformed":null,"cards_upgraded":null,"relics_obtained":null,"potions_obtained":null,"relics_lost":null,"damage_taken":0,"damage_healed":0,"max_hp_loss":0,"max_hp_gain":5,"gold_gain":0,"gold_loss":0},{"event_name":"The Cleric","player_choice":"Card Removal","floor":4,"cards_obtained":null,"cards_removed":["Defend_P"],"cards_transformed":null,"cards_upgraded":null,"relics_obtained":null,"potions_obtained":null,"relics_lost":null,"damage_taken":0,"damage_healed":0,"max_hp_loss":0,"max_hp_gain":0,"gold_gain":0,"gold_loss":50},{"event_name":"Shining Light","player_choice":"Entered Light","floor":5,"cards_obtained":null,"cards_removed":null,"cards_transformed":null,"cards_upgraded":["Strike_P","Defend_P"],"relics_obtained":null,"potions_obtained":null,"relics_lost":null,"damage_taken":15,"damage_healed":0,"max_hp_loss":0,"max_hp_gain":0,"gold_gain":0,"gold_loss":0},{"event_name":"Masked Bandits","player_choice":"Fought Bandits","floor":20,"cards_obtained":null,"cards_removed":null,"cards_transformed":null,"cards_upgraded":null,"relics_obtained":null,"potions_obtained":null,"relics_lost":null,"damage_taken":0,"damage_healed":0,"max_hp_loss":0,"max_hp_gain":0,"gold_gain":0,"gold_loss":0},{"event_name":"FaceTrader","player_choice":"Trade","floor":21,"cards_obtained":null,"cards_removed":null,"cards_transformed":null,"cards_upgraded":null,"relics_obtained":["NlothsMask"],"potions_obtained":null,"relics_lost":null,"damage_taken":0,"damage_healed":0,"max_hp_loss":0,"max_hp_gain":0,"gold_gain":0,"gold_loss":0}],"boss_relics":[{"picked":"Calling Bell","not_picked":["Sozu","Runic Dome"]}],"damage_taken":[{"floor":1,"enemies":"Small Slimes","damage":0,"turns":2},{"floor":2,"enemies":"Jaw Worm","damage":0,"turns":1},{"floor":7,"enemies":"3 Sentries","damage":0,"turns":2},{"floor":10,"enemies":"Lagavulin","damage":13,"turns":6},{"floor":11,"enemies":"Cultist","damage":0,"turns":2},{"floor":12,"enemies":"Large Slime","damage":0,"turns":3},{"floor":13,"enemies":"3 Sentries","damage":7,"turns":4},{"floor":14,"enemies":"Gremlin Gang","damage":0,"turns":3},{"floor":16,"enemies":"Hexaghost","damage":33,"turns":7},{"floor":18,"enemies":"3 Byrds","damage":21,"turns":3},{"floor":20,"enemies":"Masked Bandits","damage":38,"turns":4},{"floor":22,"enemies":"Spheric Guardian","damage":25,"turns":5},{"floor":23,"enemies":"Gremlin Leader","damage":20,"turns":4}],"potions_obtained":[{"key":"SteroidPotion","floor":2},{"key":"PowerPotion","floor":10},{"key":"LiquidBronze","floor":13},{"key":"AttackPotion","floor":14},{"key":"StancePotion","floor":18},{"key":"GamblersBrew","floor":22}],"relics_obtained":[{"key":"Pantograph","floor":7},{"key":"Lantern","floor":9},{"key":"Prayer Wheel","floor":10},{"key":"Bottled Flame","floor":13},{"key":"Strawberry","floor":17},{"key":"Meat on the Bone","floor":17},{"key":"Bird Faced Urn","floor":17},{"key":"Red Mask","floor":20}],"campfire_choices":[{"floor":6,"key":"SMITH","data":"Eruption"},{"floor":15,"key":"SMITH","data":"PathToVictory"}],"circlet_count":0,"win_rate":0,"killed_by":"Gremlin Leader"}