{"play_id":"2db1a249-7aad-4da3-b1f0-355812e5f010","build_version":"2020-01-27","seed_played":"-1495543550812771324","chose_seed":false,"seed_source_timestamp":56480198410,"is_daily":false,"special_seed":null,"is_trial":false,"is_endless":false,"is_ascension_mode":true,"ascension_level":13,"neow_bonus":"ONE_RANDOM_RARE_CARD","neow_cost":"NONE","is_beta":false,"is_prod":false,"victory":false,"floor_reached":16,"score":185,"timestamp":1719894048,"local_time":"07/02/2024 04:20:48","playtime":579,"player_experience":639463,"master_deck":["AscendersBane","Strike_P","Strike_P","Strike_P","Strike_P","Defend_P","Defend_P","Defend_P","Defend_P","Eruption","Vigilance","Brilliance+1","BowlingBash+1","FlurryOfBlows","FollowUp","Prostrate+1","FollowUp"],"relics":["PureWater","Boot","Centennial Puzzle","Omamori","Girya"],"gold":552,"campfire_rested":0,"campfire_upgraded":2,"purchased_purges":0,"potions_floor_spawned":[1,5,13],"potions_floor_usage":[11,13,16],"current_hp_per_floor":[64,64,61,61,61,61,59,57,57,57,47,47,17,16,16,0],"max_hp_per_floor":[72,72,72,72,72,72,72,72,72,72,72,72,72,72,72,72],"gold_per_floor":[109,127,127,127,146,146,164,190,216,491,503,503,535,552,552,552],"path_per_floor":["M","M","?","?","M","R","M","E","T","?","M","R","E","M","R","B"],"path_taken":["M","M","?","?","?","R","M","E","T","?","M","R","E","M","R","BOSS"],"items_purchased":[],"item_purchase_floors":[],"items_purged":[],"items_purged_floors":[],"character_chosen":"WATCHER","card_choices":[{"picked":"BowlingBash","not_picked":["Swivel","FlyingSleeves"],"floor":1},{"picked":"FlurryOfBlows","not_picked":["ClearTheMind","DeceiveReality"],"floor":2},{"picked":"FollowUp","not_picked":["PathToVictory","BowlingBash"],"floor":5},{"picked":"SKIP","not_picked":["Crescendo","CrushJoints","EmptyFist"],"floor":7},{"picked":"SKIP","not_picked":["Blasphemy","SashWhip","Crescendo"],"floor":8},{"picked":"Prostrate","not_picked":["WindmillStrike","Study"],"floor":11},{"picked":"SKIP","not_picked":["Conclude","Tantrum","Protect"],"floor":13},{"picked":"FollowUp","not_picked":["ForeignInfluence","SashWhip"],"floor":14}],"event_choices":[{"event_name":"Scrap Ooze","player_choice":"Success","floor":3,"cards_obtained":null,"cards_removed":null,"cards_transformed":null,"cards_upgraded":null,"relics_obtained":["Boot"],"potions_obtained":null,"relics_lost":null,"damage_taken":3,"damage_healed":0,"max_hp_loss":0,"max_hp_gain":0,"gold_gain":0,"gold_loss":0},{"event_name":"Accursed Blacksmith","player_choice":"Forge","floor":4,"cards_obtained":null,"cards_removed":null,"cards_transformed":null,"cards_upgraded":["Brilliance"],"relics_obtained":null,"potions_obtained":null,"relics_lost":null,"damage_taken":0,"damage_healed":0,"max_hp_loss":0,"max_hp_gain":0,"gold_gain":0,"gold_loss":0},{"event_name":"Golden Shrine","player_choice":"Desecrate","floor":10,"cards_obtained":["Regret"],"cards_removed":null,"cards_transformed":null,"cards_upgraded":null,"relics_obtained":null,"potions_obtained":null,"relics_lost":null,"damage_taken":0,"damage_healed":0,"max_hp_loss":0,"max_hp_gain":0,"gold_gain":275,"gold_loss":0}],"boss_relics":[],"damage_taken":[{"floor":1,"enemies":"Jaw Worm","damage":1,"turns":4},{"floor":2,"enemies":"2 Louse","damage":0,"turns":1},{"floor":5,"enemies":"Cultist","damage":0,"turns":3},{"floor":7,"enemies":"3 Louse","damage":2,"turns":2},{"floor":8,"enemies":"3 Sentries","damage":2,"turns":4},{"floor":11,"enemies":"Gremlin Gang","damage":10,"turns":3},{"floor":13,"enemies":"Lagavulin","damage":30,"turns":5},{"floor":14,"enemies":"Looter","damage":1,"turns":3},{"floor":16,"enemies":"Hexaghost","damage":18,"turns":8}],"potions_obtained":[{"key":"SkillPotion","floor":1},{"key":"SpeedPotion","floor":5},{"key":"StancePotion","floor":13}],"relics_obtained":[{"key":"Centennial Puzzle","floor":8},{"key":"Omamori","floor":9},{"key":"Girya","floor":13}],"campfire_choices":[{"floor":6,"key":"SMITH","data":"BowlingBash"},{"floor":12,"key":"SMITH","data":"Prostrate"},{"floor":15,"key":"LIFT","data":"1"}],"circlet_count":0,"win_rate":0,"killed_by":"Hexaghost"}