{"play_id":"6d9efe7b-4181-4d7c-955b-cc989672ca50","build_version":"2020-01-27","seed_played":"6553392460784184941","chose_seed":false,"seed_source_timestamp":0,"is_daily":false,"special_seed":0,"is_trial":false,"is_endless":false,"is_ascension_mode":true,"ascension_level":13,"neow_bonus":"BOSS_RELIC","neow_cost":"NONE","is_beta":false,"is_prod":false,"victory":false,"floor_reached":23,"score":411,"timestamp":1721486754,"local_time":"07/20/2024 14:45:54","playtime":927,"player_experience":640042,"master_deck":["AscendersBane","Strike_P","Strike_P+1","Strike_P","Strike_P","Defend_P","Eruption+1","Vigilance","MentalFortress","Collect+1","ClearTheMind","LikeWater","Brilliance","WheelKick","SpiritShield","TalkToTheHand","Worship"],"relics":["Coffee Dripper","Golden Idol","Calipers","Bronze Scales","NlothsMask","Singing Bowl","Tiny House","ClockworkSouvenir"],"gold":145,"campfire_rested":0,"campfire_upgraded":2,"purchased_purges":1,"potions_floor_spawned":[11,12,16,20,21],"potions_floor_usage":[18,18,20,23,23],"current_hp_per_floor":[65,65,65,65,65,65,65,24,24,24,20,13,13,6,6,6,57,35,35,43,27,27,0],"max_hp_per_floor":[72,72,72,72,67,67,67,67,67,67,67,67,67,67,67,67,72,74,74,76,76,76,76],"gold_per_floor":[110,60,74,26,26,26,26,57,109,109,129,169,190,190,190,279,342,362,10,31,46,145,145],"path_per_floor":["M","?","M","$","?","R","$","E","T","?","M","E","M","?","R","B",null,"M","$","M","M","?","E"],"path_taken":["M","?","M","$","?","R","?","E","T","?","?","E","M","?","R","BOSS","M","$","M","M","?","E"],"items_purchased":["ClearTheMind","ClockworkSouvenir","Regen Potion","Explosive Potion"],"item_purchase_floors":[4,19,19,19],"items_purged":["Defend_P"],"items_purged_floors":[19],"character_chosen":"WATCHER","card_choices":[{"picked":"MentalFortress","not_picked":["CutThroughFate","EmptyBody"],"floor":1},{"picked":"Collect","not_picked":["Protect","Evaluate"],"floor":3},{"picked":"LikeWater","not_picked":["DeceiveReality","PathToVictory"],"floor":8},{"picked":"SKIP","not_picked":["Crescendo","Collect","PathToVictory"],"floor":11},{"picked":"Brilliance","not_picked":["FlurryOfBlows","Protect"],"floor":12},{"picked":"WheelKick","not_picked":["CrushJoints","EmptyBody"],"floor":13},{"picked":"SpiritShield","not_picked":["Alpha","Blasphemy"],"floor":16},{"picked":"TalkToTheHand","not_picked":["Adaptation","Pray"],"floor":17},{"picked":"Singing Bowl","not_picked":["BowlingBash","FlyingSleeves","EmptyBody+1"],"floor":18},{"picked":"Singing Bowl","not_picked":["Study","Evaluate+1","SashWhip"],"floor":20},{"picked":"Worship","not_picked":["Evaluate","Meditate"],"floor":21}],"event_choices":[{"event_name":"The Cleric","player_choice":"Card Removal","floor":2,"cards_obtained":null,"cards_removed":["Defend_P"],"cards_transformed":null,"cards_upgraded":null,"relics_obtained":null,"potions_obtained":null,"relics_lost":null,"damage_taken":0,"damage_healed":0,"max_hp_loss":0,"max_hp_gain":0,"gold_gain":0,"gold_loss":50},{"event_name":"Golden Idol","player_choice":"Lose Max HP","floor":5,"cards_obtained":null,"cards_removed":null,"cards_transformed":null,"cards_upgraded":null,"relics_obtained":["Golden Idol"],"potions_obtained":null,"relics_lost":null,"damage_taken":0,"damage_healed":0,"max_hp_loss":5,"max_hp_gain":0,"gold_gain":0,"gold_loss":0},{"event_name":"FaceTrader","player_choice":"Trade","floor":10,"cards_obtained":null,"cards_removed":null,"cards_transformed":null,"cards_upgraded":null,"relics_obtained":["NlothsMask"],"potions_obtained":null,"relics_lost":null,"damage_taken":0,"damage_healed":0,"max_hp_loss":0,"max_hp_gain":0,"gold_gain":0,"gold_loss":0},{"event_name":"Golden Wing","player_choice":"Card Removal","floor":14,"cards_obtained":null,"cards_removed":["Defend_P"],"cards_transformed":null,"cards_upgraded":null,"relics_obtained":null,"potions_obtained":null,"relics_lost":null,"damage_taken":7,"damage_healed":0,"max_hp_loss":0,"max_hp_gain":0,"gold_gain":0,"gold_loss":0},{"event_name":"Nest","player_choice":"Stole From Cult","floor":22,"cards_obtained":null,"cards_removed":null,"cards_transformed":null,"cards_upgraded":null,"relics_obtained":null,"potions_obtained":null,"relics_lost":null,"damage_taken":0,"damage_healed":0,"max_hp_loss":0,"max_hp_gain":0,"gold_gain":99,"gold_loss":0}],"boss_relics":[{"picked":"Tiny House","not_picked":["Sozu","Cursed Key"]}],"damage_taken":[{"floor":1,"enemies":"Cultist","damage":0,"turns":4},{"floor":3,"enemies":"Small Slimes","damage":0,"turns":2},{"floor":8,"enemies":"Gremlin Nob","damage":41,"turns":6},{"floor":11,"enemies":"Jaw Worm","damage":4,"turns":4},{"floor":12,"enemies":"Lagavulin","damage":7,"turns":6},{"floor":13,"enemies":"2 Fungi Beasts","damage":0,"turns":2},{"floor":16,"enemies":"Slime Boss","damage":0,"turns":7},{"floor":18,"enemies":"2 Thieves","damage":24,"turns":4},{"floor":20,"enemies":"Shell Parasite","damage":8,"turns":5},{"floor":21,"enemies":"Chosen and Byrds","damage":16,"turns":5},{"floor":23,"enemies":"Gremlin Leader","damage":43,"turns":7}],"potions_obtained":[{"key":"SneckoOil","floor":11},{"key":"BlessingOfTheForge","floor":12},{"key":"ColorlessPotion","floor":16},{"key":"AttackPotion","floor":17},{"key":"Fire Potion","floor":20}],"relics_obtained":[{"key":"Calipers","floor":8},{"key":"Bronze Scales","floor":9},{"key":"Singing Bowl","floor":12}],"campfire_choices":[{"floor":6,"key":"SMITH","data":"Collect"},{"floor":15,"key":"SMITH","data":"Eruption"}],"circlet_count":0,"win_rate":0,"killed_by":"Gremlin Leader"}