{"play_id":"e250b344-8c58-4e2f-846e-93b5497a1379","build_version":"2020-01-27","seed_played":"-3444106821477423767","chose_seed":false,"seed_source_timestamp":0,"is_daily":false,"special_seed":0,"is_trial":false,"is_endless":false,"is_ascension_mode":true,"ascension_level":8,"neow_bonus":"THREE_ENEMY_KILL","neow_cost":"NONE","is_beta":false,"is_prod":false,"victory":true,"floor_reached":51,"score":1139,"timestamp":1699194321,"local_time":"11/05/2023 14:25:21","playtime":2152,"player_experience":310095,"master_deck":["Strike_B","Defend_B","Defend_B","Defend_B","Defend_B","Zap+1","Dualcast+1","Darkness+1","Darkness+1","Fission+1","Redo","White Noise+1","Biased Cognition","Echo Form","Compile Driver","Hologram","Undo","Seek","Double Energy+1","Panacea"],"relics":["Cracked Core","NeowsBlessing","Bronze Scales","Smiling Mask","Thread and Needle","Potion Belt","Fusion Hammer","Red Mask","Ice Cream","Lizard Tail","Bag of Preparation","Runic Pyramid","Unceasing Top","Incense Burner","Orichalcum","MealTicket","HandDrill","Strawberry","Nunchaku"],"gold":32,"campfire_rested":7,"campfire_upgraded":3,"purchased_purges":4,"potions_floor_spawned":[1,12,16,23,30,31,33,38,41,48],"potions_floor_usage":[35,50,50],"current_hp_per_floor":[68,68,68,68,68,68,68,58,58,58,58,58,58,43,43,43,67,64,64,64,64,64,59,59,75,75,75,73,73,67,45,67,20,61,51,51,51,12,12,34,23,47,47,47,71,71,82,68,82,69],"max_hp_per_floor":[75,75,75,75,75,75,75,75,75,75,75,75,75,75,75,75,75,75,75,75,75,75,75,75,75,75,75,75,75,75,75,75,75,75,75,75,75,75,75,75,82,82,82,82,82,82,82,82,82,82],"gold_per_floor":[119,294,28,28,44,71,71,103,129,129,142,153,26,26,26,127,127,142,142,142,176,194,221,23,23,23,23,37,136,161,172,172,273,273,284,506,556,609,12,12,38,38,88,106,106,16,16,32,32,32],"path_per_floor":["M","?","$","?","M","E","R","E","T","R","M","M","$","?","R","B","ul","M","?","?","?","M","E","$","R","T","R","M","?","E","M","R","B",null,"M","?","?","?","$","R","E","R","T","M","R","?","R","M","R","B",null],"path_taken":["M","?","$","?","?","E","R","E","T","R","M","M","$","?","R","BOSS","M","?","?","?","M","E","$","R","T","R","?","?","E","M","R","BOSS","BOSS","M","?","?","?","?","R","E","R","T","M","R","?","R","?","R","BOSS"],"items_purchased":["Darkness","Bronze Scales","Biased Cognition","Hologram","PowerPotion","AttackPotion","Panacea","Orichalcum","MealTicket","HandDrill"],"item_purchase_floors":[3,3,13,24,24,24,39,39,39,39],"items_purged":["Strike_B","Strike_B","Doubt","Double Energy"],"items_purged_floors":[3,13,24,39],"character_chosen":"DEFECT","card_choices":[{"picked":"Darkness","not_picked":["Blizzard","Barrage"],"floor":1},{"picked":"SKIP","not_picked":["Streamline","Leap","Chaos"],"floor":5},{"picked":"Redo","not_picked":["Turbo","Sunder"],"floor":6},{"picked":"SKIP","not_picked":["Aggregate","Lockon","Redo"],"floor":8},{"picked":"White Noise","not_picked":["Reinforced Body","Barrage"],"floor":11},{"picked":"SKIP","not_picked":["Redo","Barrage","Streamline"],"floor":12},{"picked":"Echo Form","not_picked":["Fission","Multi-Cast"],"floor":16},{"picked":"SKIP","not_picked":["Compile Driver","Coolheaded","Ball Lightning"],"floor":18},{"picked":"Compile Driver","not_picked":["Coolheaded","Ball Lightning"],"floor":18},{"picked":"SKIP","not_picked":["Meteor Strike","Fusion+1","Aggregate"],"floor":22},{"picked":"SKIP","not_picked":["Hello World","Blizzard","Sweeping Beam"],"floor":23},{"picked":"Undo","not_picked":["Go for the Eyes","Barrage+1"],"floor":28},{"picked":"SKIP","not_picked":["Sweeping Beam","Beam Cell","Hello World+1"],"floor":30},{"picked":"SKIP","not_picked":["Glacier+1","Leap","Ball Lightning"],"floor":31},{"picked":"Seek","not_picked":["Rainbow","Thunder Strike"],"floor":33},{"picked":"Double Energy+1","not_picked":["Cold Snap","Leap+1"],"floor":35},{"picked":"Double Energy","not_picked":["Beam Cell+1","Undo+1"],"floor":38},{"picked":"SKIP","not_picked":["Go for the Eyes+1","Biased Cognition","Gash"],"floor":41},{"picked":"SKIP","not_picked":["Compile Driver+1","Steam","Stack"],"floor":44},{"picked":"SKIP","not_picked":["Glacier+1","Barrage+1","Redo"],"floor":48}],"event_choices":[{"event_name":"Liars Game","player_choice":"AGREE","floor":2,"cards_obtained":["Doubt"],"cards_removed":null,"cards_transformed":null,"cards_upgraded":null,"relics_obtained":null,"potions_obtained":null,"relics_lost":null,"damage_taken":0,"damage_healed":0,"max_hp_loss":0,"max_hp_gain":0,"gold_gain":175,"gold_loss":0},{"event_name":"Match and Keep!","player_choice":"1 cards matched","floor":4,"cards_obtained":["Fission"],"cards_removed":null,"cards_transformed":null,"cards_upgraded":null,"relics_obtained":null,"potions_obtained":null,"relics_lost":null,"damage_taken":0,"damage_healed":0,"max_hp_loss":0,"max_hp_gain":0,"gold_gain":0,"gold_loss":0},{"event_name":"Shining Light","player_choice":"Entered Light","floor":14,"cards_obtained":null,"cards_removed":null,"cards_transformed":null,"cards_upgraded":["Dualcast","Zap"],"relics_obtained":null,"potions_obtained":null,"relics_lost":null,"damage_taken":15,"damage_healed":0,"max_hp_loss":0,"max_hp_gain":0,"gold_gain":0,"gold_loss":0},{"event_name":"Ghosts","player_choice":"Ignored","floor":19,"cards_obtained":null,"cards_removed":null,"cards_transformed":null,"cards_upgraded":null,"relics_obtained":null,"potions_obtained":null,"relics_lost":null,"damage_taken":0,"damage_healed":0,"max_hp_loss":0,"max_hp_gain":0,"gold_gain":0,"gold_loss":0},{"event_name":"Cursed Tome","player_choice":"Ignored","floor":20,"cards_obtained":null,"cards_removed":null,"cards_transformed":null,"cards_upgraded":null,"relics_obtained":null,"potions_obtained":null,"relics_lost":null,"damage_taken":0,"damage_healed":0,"max_hp_loss":0,"max_hp_gain":0,"gold_gain":0,"gold_loss":0},{"event_name":"Masked Bandits","player_choice":"Fought Bandits","floor":21,"cards_obtained":null,"cards_removed":null,"cards_transformed":null,"cards_upgraded":null,"relics_obtained":null,"potions_obtained":null,"relics_lost":null,"damage_taken":0,"damage_healed":0,"max_hp_loss":0,"max_hp_gain":0,"gold_gain":0,"gold_loss":0},{"event_name":"Nest","player_choice":"Stole From Cult","floor":29,"cards_obtained":null,"cards_removed":null,"cards_transformed":null,"cards_upgraded":null,"relics_obtained":null,"potions_obtained":null,"relics_lost":null,"damage_taken":0,"damage_healed":0,"max_hp_loss":0,"max_hp_gain":0,"gold_gain":99,"gold_loss":0},{"event_name":"Tomb of Lord Red Mask","player_choice":"Wore Mask","floor":36,"cards_obtained":null,"cards_removed":null,"cards_transformed":null,"cards_upgraded":null,"relics_obtained":null,"potions_obtained":null,"relics_lost":null,"damage_taken":0,"damage_healed":0,"max_hp_loss":0,"max_hp_gain":0,"gold_gain":222,"gold_loss":0},{"event_name":"MindBloom","player_choice":"Fight","floor":37,"cards_obtained":null,"cards_removed":null,"cards_transformed":null,"cards_upgraded":null,"relics_obtained":null,"potions_obtained":null,"relics_lost":null,"damage_taken":0,"damage_healed":0,"max_hp_loss":0,"max_hp_gain":0,"gold_gain":0,"gold_loss":0},{"event_name":"Mysterious Sphere","player_choice":"Fight","floor":38,"cards_obtained":null,"cards_removed":null,"cards_transformed":null,"cards_upgraded":null,"relics_obtained":null,"potions_obtained":null,"relics_lost":null,"damage_taken":0,"damage_healed":0,"max_hp_loss":0,"max_hp_gain":0,"gold_gain":0,"gold_loss":0},{"event_name":"Designer","player_choice":"Upgrade and Remove","floor":46,"cards_obtained":null,"cards_removed":["Strike_B"],"cards_transformed":null,"cards_upgraded":["White Noise"],"relics_obtained":null,"potions_obtained":null,"relics_lost":null,"damage_taken":0,"damage_healed":0,"max_hp_loss":0,"max_hp_gain":0,"gold_gain":0,"gold_loss":90}],"boss_relics":[{"picked":"Fusion Hammer","not_picked":["FrozenCore","Sozu"]},{"picked":"Runic Pyramid","not_picked":["Calling Bell","Cursed Key"]}],"damage_taken":[{"floor":1,"enemies":"2 Louse","damage":0,"turns":1},{"floor":5,"enemies":"Jaw Worm","damage":0,"turns":1},{"floor":6,"enemies":"Lagavulin","damage":0,"turns":3},{"floor":8,"enemies":"Gremlin Nob","damage":10,"turns":3},{"floor":11,"enemies":"Cultist","damage":0,"turns":3},{"floor":12,"enemies":"Blue Slaver","damage":0,"turns":3},{"floor":16,"enemies":"Slime Boss","damage":0,"turns":5},{"floor":18,"enemies":"Shell Parasite","damage":3,"turns":3},{"floor":21,"enemies":"Masked Bandits","damage":0,"turns":2},{"floor":22,"enemies":"Chosen","damage":0,"turns":3},{"floor":23,"enemies":"Slavers","damage":5,"turns":4},{"floor":28,"enemies":"Shelled Parasite and Fungi","damage":2,"turns":3},{"floor":30,"enemies":"Book of Stabbing","damage":6,"turns":3},{"floor":31,"enemies":"Centurion and Healer","damage":22,"turns":5},{"floor":33,"enemies":"Automaton","damage":47,"turns":7},{"floor":35,"enemies":"Orb Walker","damage":10,"turns":3},{"floor":37,"enemies":"Mind Bloom Boss Battle","damage":0,"turns":4},{"floor":38,"enemies":"2 Orb Walkers","damage":39,"turns":5},{"floor":41,"enemies":"Giant Head","damage":18,"turns":6},{"floor":44,"enemies":"3 Darklings","damage":0,"turns":3},{"floor":48,"enemies":"Maw","damage":14,"turns":6},{"floor":50,"enemies":"Time Eater","damage":13,"turns":8}],"potions_obtained":[{"key":"EssenceOfDarkness","floor":1},{"key":"Block Potion","floor":12},{"key":"SkillPotion","floor":16},{"key":"EssenceOfSteel","floor":23},{"key":"Dexterity Potion","floor":30},{"key":"Fire Potion","floor":31},{"key":"Strength Potion","floor":33},{"key":"PowerPotion","floor":38},{"key":"Energy Potion","floor":41},{"key":"PotionOfCapacity","floor":48}],"relics_obtained":[{"key":"Smiling Mask","floor":6},{"key":"Thread and Needle","floor":8},{"key":"Potion Belt","floor":9},{"key":"Red Mask","floor":21},{"key":"Ice Cream","floor":23},{"key":"Lizard Tail","floor":26},{"key":"Bag of Preparation","floor":30},{"key":"Unceasing Top","floor":37},{"key":"Incense Burner","floor":38},{"key":"Strawberry","floor":41},{"key":"Nunchaku","floor":43}],"campfire_choices":[{"floor":7,"key":"SMITH","data":"Darkness"},{"floor":10,"key":"SMITH","data":"Darkness"},{"floor":15,"key":"SMITH","data":"Fission"},{"floor":25,"key":"REST"},{"floor":27,"key":"RECALL"},{"floor":32,"key":"REST"},{"floor":40,"key":"REST"},{"floor":42,"key":"REST"},{"floor":45,"key":"REST"},{"floor":47,"key":"REST"},{"floor":49,"key":"REST"}],"circlet_count":0,"win_rate":0,"killed_by":null}