{"play_id":"c7801edc-b59c-4f22-b43d-73c21b3489d2","build_version":"2020-01-27","seed_played":"-1316703860751366809","chose_seed":false,"seed_source_timestamp":0,"is_daily":false,"special_seed":0,"is_trial":false,"is_endless":false,"is_ascension_mode":true,"ascension_level":9,"neow_bonus":"THREE_ENEMY_KILL","neow_cost":"NONE","is_beta":false,"is_prod":false,"victory":false,"floor_reached":25,"score":426,"timestamp":1699994798,"local_time":"11/14/2023 20:46:38","playtime":926,"player_experience":350248,"master_deck":["Zap+1","Dualcast+1","Genetic Algorithm","Defragment","FTL+1","Conserve Battery","Reboot","Defragment+1","Ball Lightning","BootSequence","Echo Form+1","Force Field","Consume","Double Energy","Barrage+1","Force Field","Reboot","Skim","Heatsinks+1","Cold Snap","Loop+1"],"relics":["Cracked Core","NeowsBlessing","Toy Ornithopter","Nunchaku","Blue Candle","Frozen Egg 2","Pandora's Box","Whetstone","Ancient Tea Set","HornCleat"],"gold":57,"campfire_rested":0,"campfire_upgraded":2,"purchased_purges":1,"potions_floor_spawned":[1,8,12,14],"potions_floor_usage":[8,14,16,16],"current_hp_per_floor":[68,68,68,68,68,68,57,40,40,13,6,6,6,11,11,21,62,62,62,62,62,62,62,62,0],"max_hp_per_floor":[75,75,75,75,75,75,75,75,75,75,75,75,75,75,75,75,75,75,75,75,75,75,75,75,75],"gold_per_floor":[118,9,27,27,27,55,130,165,165,200,212,224,224,241,241,342,342,354,629,38,38,38,38,57,57],"path_per_floor":["M","$","M","$","?","E","?","E","T","E","M","M","?","M","R","B",null,"M","?","$","T","$","R","M","E"],"path_taken":["M","$","?","$","?","E","?","E","T","E","?","M","?","?","R","BOSS","M","?","?","?","$","R","M","E"],"items_purchased":["Defragment","FTL","Loop+1","Whetstone","Ancient Tea Set","PotionOfCapacity","SteroidPotion"],"item_purchase_floors":[2,2,20,20,20,20,20],"items_purged":["Regret"],"items_purged_floors":[20],"character_chosen":"DEFECT","card_choices":[{"picked":"Genetic Algorithm","not_picked":["Melter","Turbo"],"floor":1},{"picked":"Conserve Battery","not_picked":["Heatsinks","Steam"],"floor":3},{"picked":"Reboot","not_picked":["Reinforced Body","FTL"],"floor":6},{"picked":"Defragment","not_picked":["Streamline","Leap"],"floor":8},{"picked":"Ball Lightning","not_picked":["Leap","Recycle"],"floor":10},{"picked":"BootSequence","not_picked":["Rebound","Barrage"],"floor":11},{"picked":"SKIP","not_picked":["Sweeping Beam","Sunder","Conserve Battery"],"floor":12},{"picked":"SKIP","not_picked":["Go for the Eyes","Conserve Battery","Scrape"],"floor":14},{"picked":"Echo Form+1","not_picked":["All For One","Reboot"],"floor":16},{"picked":"Cold Snap","not_picked":["Beam Cell","Streamline+1"],"floor":18},{"picked":"SKIP","not_picked":["Steam","Consume","Conserve Battery+1"],"floor":24}],"event_choices":[{"event_name":"Living Wall","player_choice":"Grow","floor":5,"cards_obtained":null,"cards_removed":null,"cards_transformed":null,"cards_upgraded":["Zap"],"relics_obtained":null,"potions_obtained":null,"relics_lost":null,"damage_taken":0,"damage_healed":0,"max_hp_loss":0,"max_hp_gain":0,"gold_gain":0,"gold_loss":0},{"event_name":"World of Goop","player_choice":"Gather Gold","floor":7,"cards_obtained":null,"cards_removed":null,"cards_transformed":null,"cards_upgraded":null,"relics_obtained":null,"potions_obtained":null,"relics_lost":null,"damage_taken":11,"damage_healed":0,"max_hp_loss":0,"max_hp_gain":0,"gold_gain":75,"gold_loss":0},{"event_name":"Lab","player_choice":"Got Potions","floor":13,"cards_obtained":null,"cards_removed":null,"cards_transformed":null,"cards_upgraded":null,"relics_obtained":null,"potions_obtained":null,"relics_lost":null,"damage_taken":0,"damage_healed":0,"max_hp_loss":0,"max_hp_gain":0,"gold_gain":0,"gold_loss":0},{"event_name":"Golden Shrine","player_choice":"Desecrate","floor":19,"cards_obtained":["Regret"],"cards_removed":null,"cards_transformed":null,"cards_upgraded":null,"relics_obtained":null,"potions_obtained":null,"relics_lost":null,"damage_taken":0,"damage_healed":0,"max_hp_loss":0,"max_hp_gain":0,"gold_gain":275,"gold_loss":0}],"boss_relics":[{"picked":"Pandora's Box","not_picked":["Ectoplasm","Snecko Eye"]}],"damage_taken":[{"floor":1,"enemies":"Cultist","damage":0,"turns":1},{"floor":3,"enemies":"Small Slimes","damage":0,"turns":1},{"floor":6,"enemies":"Lagavulin","damage":0,"turns":1},{"floor":8,"enemies":"3 Sentries","damage":22,"turns":10},{"floor":10,"enemies":"Gremlin Nob","damage":27,"turns":5},{"floor":11,"enemies":"Jaw Worm","damage":7,"turns":2},{"floor":12,"enemies":"Blue Slaver","damage":0,"turns":4},{"floor":14,"enemies":"Lots of Slimes","damage":0,"turns":3},{"floor":16,"enemies":"Hexaghost","damage":0,"turns":7},{"floor":18,"enemies":"Chosen","damage":0,"turns":3},{"floor":24,"enemies":"3 Byrds","damage":0,"turns":4},{"floor":25,"enemies":"Slavers","damage":62,"turns":9}],"potions_obtained":[{"key":"Block Potion","floor":1},{"key":"FocusPotion","floor":8},{"key":"Weak Potion","floor":12},{"key":"LiquidMemories","floor":13},{"key":"FearPotion","floor":14}],"relics_obtained":[{"key":"Toy Ornithopter","floor":6},{"key":"Nunchaku","floor":8},{"key":"Blue Candle","floor":9},{"key":"Frozen Egg 2","floor":10},{"key":"HornCleat","floor":21}],"campfire_choices":[{"floor":15,"key":"SMITH","data":"Defragment"},{"floor":23,"key":"SMITH","data":"Dualcast"}],"circlet_count":0,"win_rate":0,"killed_by":"Slavers"}