{"play_id":"e2f036a2-d183-4e4f-9f2f-33b56b883379","build_version":"2020-01-27","seed_played":"-3911760972983072370","chose_seed":false,"seed_source_timestamp":2646240476792,"is_daily":false,"special_seed":null,"is_trial":false,"is_endless":false,"is_ascension_mode":true,"ascension_level":8,"neow_bonus":"THREE_ENEMY_KILL","neow_cost":"NONE","is_beta":false,"is_prod":false,"victory":false,"floor_reached":21,"score":354,"timestamp":1699135158,"local_time":"11/04/2023 21:59:18","playtime":594,"player_experience":303965,"master_deck":["Strike_B","Strike_B","Defend_B","Defend_B","Defend_B","Defend_B","Zap","Dualcast+1","Gash+1","Doom and Gloom","Beam Cell","Darkness+1","Doom and Gloom","Defragment+1","Biased Cognition","White Noise+1"],"relics":["Cracked Core","NeowsBlessing","Boot","Cables","Kunai","Smiling Mask","Toy Ornithopter","Empty Cage","Centennial Puzzle","MealTicket"],"gold":285,"campfire_rested":2,"campfire_upgraded":1,"purchased_purges":0,"potions_floor_spawned":[4,6],"potions_floor_usage":[10,16],"current_hp_per_floor":[68,68,75,75,60,60,60,30,30,10,32,32,32,18,40,37,66,8,8,8,0],"max_hp_per_floor":[75,75,75,75,75,75,75,75,75,75,75,75,75,75,75,75,75,75,75,75,75],"gold_per_floor":[116,38,3,17,17,44,44,74,154,181,181,196,196,230,230,333,333,345,370,285,285],"path_per_floor":["M","$","?","M","?","E","R","E","T","E","R","M","?","E","R","B",null,"M","T","?","?"],"path_taken":["M","$","?","M","?","E","R","E","T","E","R","M","?","E","R","BOSS","M","?","?","?"],"items_purchased":["Doom and Gloom"],"item_purchase_floors":[2],"items_purged":[],"items_purged_floors":[],"character_chosen":"DEFECT","card_choices":[{"picked":"Gash","not_picked":["Fusion","Steam"],"floor":1},{"picked":"Beam Cell","not_picked":["Hologram","Compile Driver"],"floor":4},{"picked":"Darkness","not_picked":["Rebound","Conserve Battery"],"floor":6},{"picked":"SKIP","not_picked":["Leap","Stack","Aggregate"],"floor":8},{"picked":"Doom and Gloom","not_picked":["Loop","Stack"],"floor":10},{"picked":"Defragment","not_picked":["Go for the Eyes","Force Field"],"floor":12},{"picked":"SKIP","not_picked":["Hologram","Amplify","Conserve Battery"],"floor":14},{"picked":"Biased Cognition","not_picked":["Buffer","Echo Form"],"floor":16},{"picked":"White Noise+1","not_picked":["FTL","Go for the Eyes"],"floor":18}],"event_choices":[{"event_name":"The Cleric","player_choice":"Healed","floor":3,"cards_obtained":null,"cards_removed":null,"cards_transformed":null,"cards_upgraded":null,"relics_obtained":null,"potions_obtained":null,"relics_lost":null,"damage_taken":0,"damage_healed":18,"max_hp_loss":0,"max_hp_gain":0,"gold_gain":0,"gold_loss":35},{"event_name":"Shining Light","player_choice":"Entered Light","floor":5,"cards_obtained":null,"cards_removed":null,"cards_transformed":null,"cards_upgraded":["Dualcast","Gash"],"relics_obtained":null,"potions_obtained":null,"relics_lost":null,"damage_taken":15,"damage_healed":0,"max_hp_loss":0,"max_hp_gain":0,"gold_gain":0,"gold_loss":0},{"event_name":"Accursed Blacksmith","player_choice":"Forge","floor":13,"cards_obtained":null,"cards_removed":null,"cards_transformed":null,"cards_upgraded":["Defragment"],"relics_obtained":null,"potions_obtained":null,"relics_lost":null,"damage_taken":0,"damage_healed":0,"max_hp_loss":0,"max_hp_gain":0,"gold_gain":0,"gold_loss":0},{"event_name":"Addict","player_choice":"Obtained Relic","floor":20,"cards_obtained":null,"cards_removed":null,"cards_transformed":null,"cards_upgraded":null,"relics_obtained":["MealTicket"],"potions_obtained":null,"relics_lost":null,"damage_taken":0,"damage_healed":0,"max_hp_loss":0,"max_hp_gain":0,"gold_gain":0,"gold_loss":85}],"boss_relics":[{"picked":"Empty Cage","not_picked":["Tiny House","FrozenCore"]}],"damage_taken":[{"floor":1,"enemies":"Jaw Worm","damage":0,"turns":1},{"floor":4,"enemies":"Small Slimes","damage":0,"turns":1},{"floor":6,"enemies":"3 Sentries","damage":0,"turns":1},{"floor":8,"enemies":"Lagavulin","damage":30,"turns":6},{"floor":10,"enemies":"3 Sentries","damage":20,"turns":4},{"floor":12,"enemies":"Cultist","damage":0,"turns":2},{"floor":14,"enemies":"Lagavulin","damage":14,"turns":5},{"floor":16,"enemies":"Hexaghost","damage":8,"turns":6},{"floor":18,"enemies":"3 Byrds","damage":58,"turns":5}],"potions_obtained":[{"key":"FocusPotion","floor":4},{"key":"EssenceOfSteel","floor":6}],"relics_obtained":[{"key":"Boot","floor":6},{"key":"Cables","floor":8},{"key":"Kunai","floor":9},{"key":"Smiling Mask","floor":10},{"key":"Toy Ornithopter","floor":14},{"key":"Centennial Puzzle","floor":19}],"campfire_choices":[{"floor":7,"key":"SMITH","data":"Darkness"},{"floor":11,"key":"REST"},{"floor":15,"key":"REST"}],"circlet_count":0,"win_rate":0,"killed_by":null}