{"play_id":"1ac0e979-a941-46fd-8c1f-d4ad985c4c91","build_version":"2020-01-27","seed_played":"-8389798266941579023","chose_seed":false,"seed_source_timestamp":231359660639,"is_daily":false,"special_seed":null,"is_trial":false,"is_endless":false,"is_ascension_mode":true,"ascension_level":10,"neow_bonus":"THREE_ENEMY_KILL","neow_cost":"NONE","is_beta":false,"is_prod":false,"victory":false,"floor_reached":29,"score":359,"timestamp":1702949628,"local_time":"12/19/2023 01:33:48","playtime":1140,"player_experience":424796,"master_deck":["AscendersBane","Strike_B","Strike_B","Strike_B","Defend_B","Defend_B","Zap+1","Dualcast+1","Conserve Battery","Buffer+1","White Noise+1","Cold Snap","Ball Lightning","Electrodynamics","Consume+1","Glacier","Ball Lightning","Static Discharge+1","Buffer+1"],"relics":["Cracked Core","NeowsBlessing","Smiling Mask","Lee's Waffle","Singing Bowl","Odd Mushroom","Black Star","Red Mask","Frozen Egg 2","Gambling Chip","Anchor"],"gold":178,"campfire_rested":0,"campfire_upgraded":6,"purchased_purges":2,"potions_floor_spawned":[5,7,14,24,27,28],"potions_floor_usage":[10,19,19,27,28,29],"current_hp_per_floor":[68,68,68,68,68,68,32,82,82,67,67,56,56,40,40,35,72,61,51,51,51,51,51,45,45,45,27,3,0],"max_hp_per_floor":[75,75,75,75,75,75,75,82,82,84,84,84,84,84,84,84,84,84,84,84,84,84,84,86,86,86,88,88,88],"gold_per_floor":[111,121,121,121,132,132,159,5,5,32,32,107,107,127,127,229,229,239,272,222,222,56,56,66,66,140,152,178,178],"path_per_floor":["M","M","?","?","M","R","E","$","T","?","R","?","R","M","R","B",null,"M","?","$","?","$","R","M","R","T","M","E","M"],"path_taken":["M","?","?","?","?","R","E","$","T","?","R","?","R","M","R","BOSS","M","?","$","?","$","R","M","R","T","M","E","M"],"items_purchased":["Lee's Waffle","Ball Lightning","Static Discharge"],"item_purchase_floors":[8,22,22],"items_purged":["Defend_B","Strike_B"],"items_purged_floors":[20,22],"character_chosen":"DEFECT","card_choices":[{"picked":"Conserve Battery","not_picked":["Sweeping Beam","Leap"],"floor":1},{"picked":"SKIP","not_picked":["Stack","Auto Shields","Barrage"],"floor":2},{"picked":"White Noise","not_picked":["Conserve Battery","Steam"],"floor":5},{"picked":"Cold Snap","not_picked":["Steam","Redo"],"floor":7},{"picked":"Singing Bowl","not_picked":["Barrage","Go for the Eyes","Multi-Cast"],"floor":10},{"picked":"Ball Lightning","not_picked":["Genetic Algorithm","Steam"],"floor":14},{"picked":"Electrodynamics","not_picked":["Creative AI","Hyperbeam"],"floor":16},{"picked":"Consume","not_picked":["Reprogram","Melter"],"floor":18},{"picked":"Glacier","not_picked":["Gash","Barrage+1"],"floor":19},{"picked":"Singing Bowl","not_picked":["Redo","Scrape","Storm"],"floor":24},{"picked":"Singing Bowl","not_picked":["Steam Power","Coolheaded","Barrage+1"],"floor":27},{"picked":"Buffer+1","not_picked":["Undo+1","Loop+1"],"floor":28}],"event_choices":[{"event_name":"Living Wall","player_choice":"Change","floor":3,"cards_obtained":["Buffer"],"cards_removed":null,"cards_transformed":["Defend_B"],"cards_upgraded":null,"relics_obtained":null,"potions_obtained":null,"relics_lost":null,"damage_taken":0,"damage_healed":0,"max_hp_loss":0,"max_hp_gain":0,"gold_gain":0,"gold_loss":0},{"event_name":"Lab","player_choice":"Got Potions","floor":4,"cards_obtained":null,"cards_removed":null,"cards_transformed":null,"cards_upgraded":null,"relics_obtained":null,"potions_obtained":null,"relics_lost":null,"damage_taken":0,"damage_healed":0,"max_hp_loss":0,"max_hp_gain":0,"gold_gain":0,"gold_loss":0},{"event_name":"Mushrooms","player_choice":"Fought Mushrooms","floor":10,"cards_obtained":null,"cards_removed":null,"cards_transformed":null,"cards_upgraded":null,"relics_obtained":null,"potions_obtained":null,"relics_lost":null,"damage_taken":0,"damage_healed":0,"max_hp_loss":0,"max_hp_gain":0,"gold_gain":0,"gold_loss":0},{"event_name":"World of Goop","player_choice":"Gather Gold","floor":12,"cards_obtained":null,"cards_removed":null,"cards_transformed":null,"cards_upgraded":null,"relics_obtained":null,"potions_obtained":null,"relics_lost":null,"damage_taken":11,"damage_healed":0,"max_hp_loss":0,"max_hp_gain":0,"gold_gain":75,"gold_loss":0},{"event_name":"Masked Bandits","player_choice":"Fought Bandits","floor":19,"cards_obtained":null,"cards_removed":null,"cards_transformed":null,"cards_upgraded":null,"relics_obtained":null,"potions_obtained":null,"relics_lost":null,"damage_taken":0,"damage_healed":0,"max_hp_loss":0,"max_hp_gain":0,"gold_gain":0,"gold_loss":0},{"event_name":"Cursed Tome","player_choice":"Ignored","floor":21,"cards_obtained":null,"cards_removed":null,"cards_transformed":null,"cards_upgraded":null,"relics_obtained":null,"potions_obtained":null,"relics_lost":null,"damage_taken":0,"damage_healed":0,"max_hp_loss":0,"max_hp_gain":0,"gold_gain":0,"gold_loss":0}],"boss_relics":[{"picked":"Black Star","not_picked":["SlaversCollar","Snecko Eye"]}],"damage_taken":[{"floor":1,"enemies":"Cultist","damage":0,"turns":1},{"floor":2,"enemies":"Jaw Worm","damage":0,"turns":1},{"floor":5,"enemies":"2 Louse","damage":0,"turns":1},{"floor":7,"enemies":"Gremlin Nob","damage":36,"turns":5},{"floor":10,"enemies":"The Mushroom Lair","damage":17,"turns":4},{"floor":14,"enemies":"Exordium Wildlife","damage":16,"turns":6},{"floor":16,"enemies":"Slime Boss","damage":5,"turns":10},{"floor":18,"enemies":"Spheric Guardian","damage":11,"turns":4},{"floor":19,"enemies":"Masked Bandits","damage":10,"turns":5},{"floor":24,"enemies":"Chosen","damage":8,"turns":4},{"floor":27,"enemies":"Centurion and Healer","damage":20,"turns":5},{"floor":28,"enemies":"Slavers","damage":24,"turns":3},{"floor":29,"enemies":"Sentry and Sphere","damage":4,"turns":3}],"potions_obtained":[{"key":"PotionOfCapacity","floor":4},{"key":"DuplicationPotion","floor":4},{"key":"Explosive Potion","floor":4},{"key":"Explosive Potion","floor":14},{"key":"Swift Potion","floor":24},{"key":"SkillPotion","floor":27},{"key":"PowerPotion","floor":28}],"relics_obtained":[{"key":"Smiling Mask","floor":7},{"key":"Singing Bowl","floor":9},{"key":"Odd Mushroom","floor":10},{"key":"Red Mask","floor":19},{"key":"Frozen Egg 2","floor":26},{"key":"Gambling Chip","floor":28},{"key":"Anchor","floor":28}],"campfire_choices":[{"floor":6,"key":"SMITH","data":"Zap"},{"floor":11,"key":"SMITH","data":"White Noise"},{"floor":13,"key":"SMITH","data":"Buffer"},{"floor":15,"key":"SMITH","data":"Dualcast"},{"floor":23,"key":"SMITH","data":"Consume"},{"floor":25,"key":"SMITH","data":"Static Discharge"}],"circlet_count":0,"win_rate":0,"killed_by":"Sentry and Sphere"}