{"play_id":"c212db9b-abb9-4ed9-b3c2-c495ebfbf0d9","build_version":"2020-01-27","seed_played":"-203224290717100105","chose_seed":false,"seed_source_timestamp":1261361752879,"is_daily":false,"special_seed":null,"is_trial":false,"is_endless":false,"is_ascension_mode":true,"ascension_level":10,"neow_bonus":"THREE_ENEMY_KILL","neow_cost":"NONE","is_beta":false,"is_prod":false,"victory":false,"floor_reached":23,"score":272,"timestamp":1703373701,"local_time":"12/23/2023 23:21:41","playtime":801,"player_experience":436133,"master_deck":["AscendersBane","Strike_B","Strike_B","Defend_B","Defend_B","Defend_B","Defend_B","Zap+1","Dualcast","Gash","Melter","Gash","Beam Cell+1","Streamline","BootSequence","All For One+1","Go for the Eyes+1"],"relics":["Cracked Core","NeowsBlessing","Centennial Puzzle","Pantograph","Bag of Marbles","Singing Bowl","Tiny House"],"gold":263,"campfire_rested":0,"campfire_upgraded":2,"purchased_purges":1,"potions_floor_spawned":[1,8,12,16,18],"potions_floor_usage":[11,18,22,22],"current_hp_per_floor":[68,68,68,68,68,68,57,57,57,57,56,28,28,28,28,12,66,55,55,55,55,33,0],"max_hp_per_floor":[75,75,75,75,75,75,75,75,75,75,75,75,75,75,75,75,82,84,84,84,86,86,86],"gold_per_floor":[119,119,49,61,36,36,111,123,195,195,214,233,6,75,75,171,221,239,239,239,252,263,263],"path_per_floor":["M","?","$","M","$","R","?","M","T","?","M","M","$","T","R","B",null,"M","?","?","M","M","E"],"path_taken":["M","?","$","M","?","R","?","M","T","?","M","M","$","?","R","BOSS","M","?","?","M","M","E"],"items_purchased":["Melter","Beam Cell","Bag of Marbles"],"item_purchase_floors":[3,5,13],"items_purged":["Strike_B"],"items_purged_floors":[13],"character_chosen":"DEFECT","card_choices":[{"picked":"Gash","not_picked":["Steam Power","Reprogram"],"floor":1},{"picked":"Gash","not_picked":["Sweeping Beam","Coolheaded"],"floor":4},{"picked":"Streamline","not_picked":["Stack","Compile Driver"],"floor":8},{"picked":"SKIP","not_picked":["Redo","Go for the Eyes","Hologram"],"floor":11},{"picked":"BootSequence","not_picked":["Sunder","Hologram"],"floor":12},{"picked":"All For One","not_picked":["Amplify","Electrodynamics"],"floor":16},{"picked":"Singing Bowl","not_picked":["Compile Driver","Coolheaded","Self Repair"],"floor":17},{"picked":"Singing Bowl","not_picked":["Barrage","Blizzard","Leap+1"],"floor":18},{"picked":"Singing Bowl","not_picked":["Compile Driver","Sweeping Beam","Turbo"],"floor":21},{"picked":"Go for the Eyes+1","not_picked":["Consume","Machine Learning"],"floor":22}],"event_choices":[{"event_name":"Wheel of Change","player_choice":"Relic","floor":2,"cards_obtained":null,"cards_removed":null,"cards_transformed":null,"cards_upgraded":null,"relics_obtained":null,"potions_obtained":null,"relics_lost":null,"damage_taken":0,"damage_healed":0,"max_hp_loss":0,"max_hp_gain":0,"gold_gain":0,"gold_loss":0},{"event_name":"World of Goop","player_choice":"Gather Gold","floor":7,"cards_obtained":null,"cards_removed":null,"cards_transformed":null,"cards_upgraded":null,"relics_obtained":null,"potions_obtained":null,"relics_lost":null,"damage_taken":11,"damage_healed":0,"max_hp_loss":0,"max_hp_gain":0,"gold_gain":75,"gold_loss":0},{"event_name":"Living Wall","player_choice":"Forget","floor":10,"cards_obtained":null,"cards_removed":["Strike_B"],"cards_transformed":null,"cards_upgraded":null,"relics_obtained":null,"potions_obtained":null,"relics_lost":null,"damage_taken":0,"damage_healed":0,"max_hp_loss":0,"max_hp_gain":0,"gold_gain":0,"gold_loss":0},{"event_name":"Vampires","player_choice":"Ignored","floor":19,"cards_obtained":null,"cards_removed":null,"cards_transformed":null,"cards_upgraded":null,"relics_obtained":null,"potions_obtained":null,"relics_lost":null,"damage_taken":0,"damage_healed":0,"max_hp_loss":0,"max_hp_gain":0,"gold_gain":0,"gold_loss":0},{"event_name":"Cursed Tome","player_choice":"Ignored","floor":20,"cards_obtained":null,"cards_removed":null,"cards_transformed":null,"cards_upgraded":null,"relics_obtained":null,"potions_obtained":null,"relics_lost":null,"damage_taken":0,"damage_healed":0,"max_hp_loss":0,"max_hp_gain":0,"gold_gain":0,"gold_loss":0}],"boss_relics":[{"picked":"Tiny House","not_picked":["Velvet Choker","Inserter"]}],"damage_taken":[{"floor":1,"enemies":"Small Slimes","damage":0,"turns":1},{"floor":4,"enemies":"Cultist","damage":0,"turns":1},{"floor":8,"enemies":"Jaw Worm","damage":0,"turns":1},{"floor":11,"enemies":"Blue Slaver","damage":1,"turns":3},{"floor":12,"enemies":"Exordium Thugs","damage":28,"turns":4},{"floor":16,"enemies":"The Guardian","damage":41,"turns":11},{"floor":18,"enemies":"2 Thieves","damage":13,"turns":3},{"floor":21,"enemies":"Chosen","damage":2,"turns":2},{"floor":22,"enemies":"Snecko","damage":22,"turns":5},{"floor":23,"enemies":"Slavers","damage":33,"turns":3}],"potions_obtained":[{"key":"Block Potion","floor":1},{"key":"FairyPotion","floor":8},{"key":"FearPotion","floor":12},{"key":"SteroidPotion","floor":16},{"key":"LiquidBronze","floor":17},{"key":"LiquidMemories","floor":18}],"relics_obtained":[{"key":"Centennial Puzzle","floor":2},{"key":"Pantograph","floor":9},{"key":"Singing Bowl","floor":14}],"campfire_choices":[{"floor":6,"key":"SMITH","data":"Zap"},{"floor":15,"key":"SMITH","data":"Beam Cell"}],"circlet_count":0,"win_rate":0,"killed_by":"Slavers"}