{"play_id":"5c621be5-d8ce-40d7-8578-82ff62510a9b","build_version":"2020-01-27","seed_played":"-8809433574339725394","chose_seed":false,"seed_source_timestamp":354988446821,"is_daily":false,"special_seed":null,"is_trial":false,"is_endless":false,"is_ascension_mode":true,"ascension_level":10,"neow_bonus":"BOSS_RELIC","neow_cost":"NONE","is_beta":false,"is_prod":false,"victory":false,"floor_reached":13,"score":122,"timestamp":1703512978,"local_time":"12/25/2023 14:02:58","playtime":378,"player_experience":446653,"master_deck":["AscendersBane","Strike_B","Strike_B","Strike_B","Defend_B","Defend_B","Zap+1","Dualcast","CurseOfTheBell","Genetic Algorithm","Conserve Battery+1","Gash","Static Discharge+1","Doom and Gloom"],"relics":["Calling Bell","Bag of Marbles","Darkstone Periapt","Incense Burner","Toxic Egg 2","Anchor","Bottled Tornado"],"gold":52,"campfire_rested":1,"campfire_upgraded":1,"purchased_purges":1,"potions_floor_spawned":[5],"potions_floor_usage":[8],"current_hp_per_floor":[60,60,53,41,39,39,39,9,9,9,7,29,0],"max_hp_per_floor":[75,75,75,75,75,75,75,75,75,75,75,75,75],"gold_per_floor":[117,117,117,117,135,135,6,38,38,38,52,52,52],"path_per_floor":["M","?","?","?","M","R","$","E","T","?","M","R","E"],"path_taken":["M","?","?","?","?","R","$","E","T","?","?","R","E"],"items_purchased":["Gash"],"item_purchase_floors":[7],"items_purged":["Defend_B"],"items_purged_floors":[7],"character_chosen":"DEFECT","card_choices":[{"picked":"Genetic Algorithm","not_picked":["Streamline","Steam"],"floor":1},{"picked":"Conserve Battery+1","not_picked":["Self Repair","Streamline"],"floor":5},{"picked":"Static Discharge","not_picked":["Double Energy+1","Leap+1"],"floor":8},{"picked":"Doom and Gloom","not_picked":["Reinforced Body+1","Go for the Eyes"],"floor":11}],"event_choices":[{"event_name":"Living Wall","player_choice":"Forget","floor":2,"cards_obtained":null,"cards_removed":["Defend_B"],"cards_transformed":null,"cards_upgraded":null,"relics_obtained":null,"potions_obtained":null,"relics_lost":null,"damage_taken":0,"damage_healed":0,"max_hp_loss":0,"max_hp_gain":0,"gold_gain":0,"gold_loss":0},{"event_name":"Golden Wing","player_choice":"Card Removal","floor":3,"cards_obtained":null,"cards_removed":["Strike_B"],"cards_transformed":null,"cards_upgraded":null,"relics_obtained":null,"potions_obtained":null,"relics_lost":null,"damage_taken":7,"damage_healed":0,"max_hp_loss":0,"max_hp_gain":0,"gold_gain":0,"gold_loss":0},{"event_name":"Scrap Ooze","player_choice":"Success","floor":4,"cards_obtained":null,"cards_removed":null,"cards_transformed":null,"cards_upgraded":null,"relics_obtained":["Toxic Egg 2"],"potions_obtained":null,"relics_lost":null,"damage_taken":12,"damage_healed":0,"max_hp_loss":0,"max_hp_gain":0,"gold_gain":0,"gold_loss":0},{"event_name":"Upgrade Shrine","player_choice":"Upgraded","floor":10,"cards_obtained":null,"cards_removed":null,"cards_transformed":null,"cards_upgraded":["Static Discharge"],"relics_obtained":null,"potions_obtained":null,"relics_lost":null,"damage_taken":0,"damage_healed":0,"max_hp_loss":0,"max_hp_gain":0,"gold_gain":0,"gold_loss":0}],"boss_relics":[],"damage_taken":[{"floor":1,"enemies":"Jaw Worm","damage":8,"turns":4},{"floor":5,"enemies":"Small Slimes","damage":2,"turns":4},{"floor":8,"enemies":"Lagavulin","damage":30,"turns":7},{"floor":11,"enemies":"2 Louse","damage":2,"turns":3},{"floor":13,"enemies":"Gremlin Nob","damage":33,"turns":3}],"potions_obtained":[{"key":"Swift Potion","floor":5}],"relics_obtained":[{"key":"Bag of Marbles","floor":0},{"key":"Darkstone Periapt","floor":0},{"key":"Incense Burner","floor":0},{"key":"Anchor","floor":8},{"key":"Bottled Tornado","floor":9}],"campfire_choices":[{"floor":6,"key":"SMITH","data":"Zap"},{"floor":12,"key":"REST"}],"circlet_count":0,"win_rate":0,"killed_by":"Gremlin Nob"}