{"play_id":"ce18ffc1-1af6-4a8d-b729-570139672f95","build_version":"2020-01-27","seed_played":"-3779289261081863655","chose_seed":false,"seed_source_timestamp":0,"is_daily":false,"special_seed":0,"is_trial":false,"is_endless":false,"is_ascension_mode":true,"ascension_level":10,"neow_bonus":"THREE_ENEMY_KILL","neow_cost":"NONE","is_beta":false,"is_prod":false,"victory":false,"floor_reached":25,"score":320,"timestamp":1703018913,"local_time":"12/19/2023 20:48:33","playtime":653,"player_experience":426684,"master_deck":["AscendersBane","Strike_B","Strike_B","Strike_B","Defend_B","Defend_B","Defend_B","Defend_B","Zap+1","Dualcast","Defragment+1","Sunder+1","Darkness+1","Ball Lightning","Leap","Buffer+1","Echo Form","Rebound+1","Capacitor+1","Static Discharge+1","Lockon+1"],"relics":["Cracked Core","NeowsBlessing","Pantograph","CaptainsWheel","Inserter","Letter Opener"],"gold":204,"campfire_rested":0,"campfire_upgraded":6,"purchased_purges":1,"potions_floor_spawned":[1,14,22],"potions_floor_usage":[],"current_hp_per_floor":[68,68,68,68,54,54,47,47,47,47,38,38,38,21,21,19,61,59,37,37,37,37,37,1,0],"max_hp_per_floor":[75,75,75,75,75,75,75,75,75,75,75,75,75,75,75,75,75,75,75,75,75,75,75,75,75],"gold_per_floor":[109,284,299,312,331,331,331,331,331,331,343,57,57,76,76,179,179,196,215,67,166,178,178,204,204],"path_per_floor":["M","?","M","M","M","R","?","R","T","R","M","$","R","M","R","B","ul","M","M","$","?","M","R","E","M"],"path_taken":["M","?","M","M","M","R","?","R","T","R","M","$","R","M","R","BOSS","M","M","$","?","M","R","E","M"],"items_purchased":["CaptainsWheel","Static Discharge"],"item_purchase_floors":[12,20],"items_purged":["Doubt"],"items_purged_floors":[20],"character_chosen":"DEFECT","card_choices":[{"picked":"Defragment","not_picked":["Stack","Turbo"],"floor":1},{"picked":"Sunder","not_picked":["Hello World","BootSequence"],"floor":3},{"picked":"Darkness","not_picked":["Leap","Go for the Eyes"],"floor":4},{"picked":"Ball Lightning","not_picked":["Turbo","Rebound"],"floor":5},{"picked":"Leap","not_picked":["Stack","Static Discharge"],"floor":11},{"picked":"Buffer","not_picked":["White Noise","Leap"],"floor":14},{"picked":"Echo Form","not_picked":["Amplify","Machine Learning"],"floor":16},{"picked":"Rebound+1","not_picked":["Compile Driver","Streamline"],"floor":18},{"picked":"Capacitor+1","not_picked":["Streamline","Steam"],"floor":19},{"picked":"SKIP","not_picked":["Barrage","Gash","Steam"],"floor":22},{"picked":"Lockon+1","not_picked":["Redo","Leap"],"floor":24}],"event_choices":[{"event_name":"Liars Game","player_choice":"AGREE","floor":2,"cards_obtained":["Doubt"],"cards_removed":null,"cards_transformed":null,"cards_upgraded":null,"relics_obtained":null,"potions_obtained":null,"relics_lost":null,"damage_taken":0,"damage_healed":0,"max_hp_loss":0,"max_hp_gain":0,"gold_gain":175,"gold_loss":0},{"event_name":"Golden Wing","player_choice":"Card Removal","floor":7,"cards_obtained":null,"cards_removed":["Strike_B"],"cards_transformed":null,"cards_upgraded":null,"relics_obtained":null,"potions_obtained":null,"relics_lost":null,"damage_taken":7,"damage_healed":0,"max_hp_loss":0,"max_hp_gain":0,"gold_gain":0,"gold_loss":0},{"event_name":"Nest","player_choice":"Stole From Cult","floor":21,"cards_obtained":null,"cards_removed":null,"cards_transformed":null,"cards_upgraded":null,"relics_obtained":null,"potions_obtained":null,"relics_lost":null,"damage_taken":0,"damage_healed":0,"max_hp_loss":0,"max_hp_gain":0,"gold_gain":99,"gold_loss":0}],"boss_relics":[{"picked":"Inserter","not_picked":["Tiny House","Snecko Eye"]}],"damage_taken":[{"floor":1,"enemies":"Small Slimes","damage":0,"turns":1},{"floor":3,"enemies":"2 Louse","damage":0,"turns":1},{"floor":4,"enemies":"Jaw Worm","damage":0,"turns":1},{"floor":5,"enemies":"Blue Slaver","damage":14,"turns":4},{"floor":11,"enemies":"Exordium Wildlife","damage":9,"turns":4},{"floor":14,"enemies":"Exordium Thugs","damage":17,"turns":3},{"floor":16,"enemies":"Hexaghost","damage":27,"turns":9},{"floor":18,"enemies":"Chosen","damage":2,"turns":5},{"floor":19,"enemies":"2 Thieves","damage":22,"turns":4},{"floor":22,"enemies":"Snecko","damage":0,"turns":5},{"floor":24,"enemies":"Slavers","damage":36,"turns":5},{"floor":25,"enemies":"Snake Plant","damage":8,"turns":2}],"potions_obtained":[{"key":"PowerPotion","floor":1},{"key":"Dexterity Potion","floor":14},{"key":"PowerPotion","floor":22}],"relics_obtained":[{"key":"Pantograph","floor":9},{"key":"Letter Opener","floor":24}],"campfire_choices":[{"floor":6,"key":"SMITH","data":"Darkness"},{"floor":8,"key":"SMITH","data":"Zap"},{"floor":10,"key":"SMITH","data":"Sunder"},{"floor":13,"key":"SMITH","data":"Defragment"},{"floor":15,"key":"SMITH","data":"Buffer"},{"floor":23,"key":"SMITH","data":"Static Discharge"}],"circlet_count":0,"win_rate":0,"killed_by":"Snake Plant"}