{"play_id":"a848c1bc-861d-4c0a-a9e7-37ab29290297","build_version":"2020-01-27","seed_played":"7129401701338293403","chose_seed":false,"seed_source_timestamp":344924501685,"is_daily":false,"special_seed":null,"is_trial":false,"is_endless":false,"is_ascension_mode":true,"ascension_level":10,"neow_bonus":"THREE_ENEMY_KILL","neow_cost":"NONE","is_beta":false,"is_prod":false,"victory":false,"floor_reached":23,"score":330,"timestamp":1703511820,"local_time":"12/25/2023 13:43:40","playtime":480,"player_experience":446173,"master_deck":["AscendersBane","Strike_B","Strike_B+1","Defend_B","Defend_B+1","Defend_B","Defend_B","Zap+1","Dualcast","Static Discharge+1","Rip and Tear","Lockon","Lockon","Tempest+1","Creative AI","CurseOfTheBell","Conserve Battery","Necronomicurse","Ball Lightning","Hologram+1"],"relics":["Cracked Core","NeowsBlessing","Nunchaku","Potion Belt","Ornamental Fan","PreservedInsect","Lee's Waffle","Calling Bell","Dream Catcher","Mercury Hourglass","Unceasing Top","Necronomicon","ClockworkSouvenir","Bottled Tornado"],"gold":24,"campfire_rested":0,"campfire_upgraded":3,"purchased_purges":0,"potions_floor_spawned":[1,6,10],"potions_floor_usage":[10,14,16],"current_hp_per_floor":[68,53,42,42,42,42,42,30,30,14,14,82,82,82,82,55,75,68,52,52,33,33,0],"max_hp_per_floor":[75,75,75,75,75,75,75,75,75,75,75,82,82,82,82,82,82,82,82,82,82,82,82],"gold_per_floor":[112,112,187,137,157,185,185,185,185,220,220,74,74,90,90,188,188,202,202,10,24,24,24],"path_per_floor":["M","?","?","?","M","E","R","?","T","E","R","$","?","M","R","B",null,"M","?","$","M","T","E"],"path_taken":["M","?","?","?","?","E","R","?","T","E","R","$","?","?","R","BOSS","M","?","$","M","?","E"],"items_purchased":["Lee's Waffle","ClockworkSouvenir","Ball Lightning"],"item_purchase_floors":[12,20,20],"items_purged":[],"items_purged_floors":[],"character_chosen":"DEFECT","card_choices":[{"picked":"Static Discharge","not_picked":["Scrape","Steam"],"floor":1},{"picked":"Rip and Tear","not_picked":["Sweeping Beam","Loop"],"floor":5},{"picked":"Lockon","not_picked":["Go for the Eyes","Cold Snap"],"floor":6},{"picked":"SKIP","not_picked":["Beam Cell","Hologram","Scrape"],"floor":10},{"picked":"Tempest","not_picked":["Compile Driver","Steam"],"floor":14},{"picked":"Creative AI","not_picked":["Reboot","Seek"],"floor":16},{"picked":"Conserve Battery","not_picked":["Stack","Tempest"],"floor":18},{"picked":"Hologram+1","not_picked":["FTL","Coolheaded"],"floor":21}],"event_choices":[{"event_name":"Shining Light","player_choice":"Entered Light","floor":2,"cards_obtained":null,"cards_removed":null,"cards_transformed":null,"cards_upgraded":["Defend_B","Strike_B"],"relics_obtained":null,"potions_obtained":null,"relics_lost":null,"damage_taken":15,"damage_healed":0,"max_hp_loss":0,"max_hp_gain":0,"gold_gain":0,"gold_loss":0},{"event_name":"World of Goop","player_choice":"Gather Gold","floor":3,"cards_obtained":null,"cards_removed":null,"cards_transformed":null,"cards_upgraded":null,"relics_obtained":null,"potions_obtained":null,"relics_lost":null,"damage_taken":11,"damage_healed":0,"max_hp_loss":0,"max_hp_gain":0,"gold_gain":75,"gold_loss":0},{"event_name":"The Cleric","player_choice":"Card Removal","floor":4,"cards_obtained":null,"cards_removed":["Strike_B"],"cards_transformed":null,"cards_upgraded":null,"relics_obtained":null,"potions_obtained":null,"relics_lost":null,"damage_taken":0,"damage_healed":0,"max_hp_loss":0,"max_hp_gain":0,"gold_gain":0,"gold_loss":50},{"event_name":"Scrap Ooze","player_choice":"Success","floor":8,"cards_obtained":null,"cards_removed":null,"cards_transformed":null,"cards_upgraded":null,"relics_obtained":["Potion Belt"],"potions_obtained":null,"relics_lost":null,"damage_taken":12,"damage_healed":0,"max_hp_loss":0,"max_hp_gain":0,"gold_gain":0,"gold_loss":0},{"event_name":"Transmorgrifier","player_choice":"Transformed","floor":13,"cards_obtained":["Lockon"],"cards_removed":null,"cards_transformed":["Strike_B"],"cards_upgraded":null,"relics_obtained":null,"potions_obtained":null,"relics_lost":null,"damage_taken":0,"damage_healed":0,"max_hp_loss":0,"max_hp_gain":0,"gold_gain":0,"gold_loss":0},{"event_name":"Cursed Tome","player_choice":"Obtained Book","floor":19,"cards_obtained":null,"cards_removed":null,"cards_transformed":null,"cards_upgraded":null,"relics_obtained":null,"potions_obtained":null,"relics_lost":null,"damage_taken":16,"damage_healed":0,"max_hp_loss":0,"max_hp_gain":0,"gold_gain":0,"gold_loss":0}],"boss_relics":[{"picked":"Calling Bell","not_picked":["Pandora's Box","FrozenCore"]}],"damage_taken":[{"floor":1,"enemies":"Jaw Worm","damage":0,"turns":1},{"floor":5,"enemies":"Small Slimes","damage":0,"turns":1},{"floor":6,"enemies":"Lagavulin","damage":0,"turns":1},{"floor":10,"enemies":"Gremlin Nob","damage":16,"turns":3},{"floor":14,"enemies":"2 Louse","damage":0,"turns":1},{"floor":16,"enemies":"Hexaghost","damage":27,"turns":5},{"floor":18,"enemies":"Chosen","damage":7,"turns":3},{"floor":21,"enemies":"3 Byrds","damage":19,"turns":2},{"floor":23,"enemies":"Slavers","damage":33,"turns":2}],"potions_obtained":[{"key":"PowerPotion","floor":1},{"key":"Explosive Potion","floor":6},{"key":"Block Potion","floor":10}],"relics_obtained":[{"key":"Nunchaku","floor":6},{"key":"Ornamental Fan","floor":9},{"key":"PreservedInsect","floor":10},{"key":"Dream Catcher","floor":17},{"key":"Mercury Hourglass","floor":17},{"key":"Unceasing Top","floor":17},{"key":"Necronomicon","floor":19},{"key":"Bottled Tornado","floor":22}],"campfire_choices":[{"floor":7,"key":"SMITH","data":"Static Discharge"},{"floor":11,"key":"SMITH","data":"Zap"},{"floor":15,"key":"SMITH","data":"Tempest"}],"circlet_count":0,"win_rate":0,"killed_by":"Slavers"}