{"play_id":"479fdcc7-92e3-4f06-9101-064291fb1252","build_version":"2020-01-27","seed_played":"-3975729728786536990","chose_seed":false,"seed_source_timestamp":152005685945,"is_daily":false,"special_seed":null,"is_trial":false,"is_endless":false,"is_ascension_mode":true,"ascension_level":10,"neow_bonus":"RANDOM_COLORLESS","neow_cost":"NONE","is_beta":false,"is_prod":false,"victory":false,"floor_reached":8,"score":90,"timestamp":1703446232,"local_time":"12/24/2023 19:30:32","playtime":419,"player_experience":442299,"master_deck":["AscendersBane","Strike_B","Strike_B","Strike_B","Strike_B","Defend_B","Defend_B","Defend_B","Zap","Dualcast","Trip","Defragment","Leap","Barrage","White Noise","Coolheaded","Storm"],"relics":["Cracked Core","Ornamental Fan"],"gold":177,"campfire_rested":0,"campfire_upgraded":0,"purchased_purges":0,"potions_floor_spawned":[1,3,5,6],"potions_floor_usage":[5,6,8],"current_hp_per_floor":[62,61,61,50,21,5,5,0],"max_hp_per_floor":[75,75,75,75,75,75,75,75],"gold_per_floor":[113,123,143,156,175,207,207,177],"path_per_floor":["M","M","M","M","M","E","?","M"],"path_taken":["M","?","M","M","?","E","?","M"],"items_purchased":[],"item_purchase_floors":[],"items_purged":[],"items_purged_floors":[],"character_chosen":"DEFECT","card_choices":[{"picked":"Trip","not_picked":["Good Instincts","Discovery"],"floor":0},{"picked":"Defragment","not_picked":["White Noise","Go for the Eyes"],"floor":1},{"picked":"Leap","not_picked":["Sweeping Beam","Hologram"],"floor":2},{"picked":"Barrage","not_picked":["Hello World","Sweeping Beam"],"floor":3},{"picked":"White Noise","not_picked":["Heatsinks","Reinforced Body"],"floor":4},{"picked":"Coolheaded","not_picked":["Conserve Battery","Blizzard"],"floor":5},{"picked":"Storm","not_picked":["Auto Shields","Turbo"],"floor":6}],"event_choices":[{"event_name":"Wheel of Change","player_choice":"Card Removal","floor":7,"cards_obtained":null,"cards_removed":["Defend_B"],"cards_transformed":null,"cards_upgraded":null,"relics_obtained":null,"potions_obtained":null,"relics_lost":null,"damage_taken":0,"damage_healed":0,"max_hp_loss":0,"max_hp_gain":0,"gold_gain":0,"gold_loss":0}],"boss_relics":[],"damage_taken":[{"floor":1,"enemies":"Cultist","damage":6,"turns":3},{"floor":2,"enemies":"2 Louse","damage":1,"turns":3},{"floor":3,"enemies":"Small Slimes","damage":0,"turns":3},{"floor":4,"enemies":"Exordium Wildlife","damage":11,"turns":4},{"floor":5,"enemies":"Gremlin Gang","damage":29,"turns":5},{"floor":6,"enemies":"3 Sentries","damage":16,"turns":8},{"floor":8,"enemies":"Exordium Thugs","damage":10,"turns":2}],"potions_obtained":[{"key":"Weak Potion","floor":1},{"key":"Ancient Potion","floor":3},{"key":"DistilledChaos","floor":5},{"key":"EssenceOfSteel","floor":6}],"relics_obtained":[{"key":"Ornamental Fan","floor":6}],"campfire_choices":[],"circlet_count":0,"win_rate":0,"killed_by":"Exordium Thugs"}