{"play_id":"cf1ad66f-7599-47d7-9f46-c60afc3036fa","build_version":"2020-01-27","seed_played":"4123492699015401029","chose_seed":false,"seed_source_timestamp":3341222972089,"is_daily":false,"special_seed":null,"is_trial":false,"is_endless":false,"is_ascension_mode":true,"ascension_level":11,"neow_bonus":"THREE_ENEMY_KILL","neow_cost":"NONE","is_beta":false,"is_prod":false,"victory":false,"floor_reached":42,"score":835,"timestamp":1704213329,"local_time":"01/02/2024 16:35:29","playtime":1351,"player_experience":479885,"master_deck":["AscendersBane","Strike_B+1","Strike_B+1","Defend_B","Defend_B","Defend_B","Zap+1","Dualcast+1","Go for the Eyes+1","Ball Lightning+1","Ball Lightning+1","Buffer+1","Tempest+1","Ball Lightning+1","Conserve Battery+1","Electrodynamics+1","Leap+1","Recycle+1","Static Discharge+1","Core Surge+1","Ball Lightning+1","Consume+1"],"relics":["Cracked Core","NeowsBlessing","Prayer Wheel","MealTicket","Molten Egg 2","Potion Belt","Nuclear Battery","Matryoshka","Pantograph","Gremlin Horn","Singing Bowl","Nunchaku","Inserter","Red Mask","Mango","Whetstone","Pen Nib"],"gold":94,"campfire_rested":0,"campfire_upgraded":7,"purchased_purges":1,"potions_floor_spawned":[8,10,16,18,39],"potions_floor_usage":[10,16,24,33,33,42],"current_hp_per_floor":[68,68,73,61,45,45,45,45,45,50,50,50,50,50,50,12,63,63,63,63,56,71,71,52,52,52,54,54,54,54,56,56,15,71,61,61,83,83,59,59,50,0],"max_hp_per_floor":[75,75,80,80,80,80,80,80,80,80,80,80,80,80,80,80,80,80,80,80,80,80,80,80,80,80,82,82,82,82,84,84,89,89,91,91,107,107,109,109,113,113],"gold_per_floor":[109,34,34,34,34,34,69,83,83,116,116,131,150,150,150,245,245,255,255,255,271,31,31,64,64,64,97,22,22,22,35,35,135,135,149,0,50,73,84,84,94,94],"path_per_floor":["M","$","?","?","?","R","E","M","T","E","?","M","M","?","R","B",null,"M","?","?","M","$","R","E","R","T","E","?","R","?","M","R","B",null,"M","?","?","T","M","R","M","E"],"path_taken":["M","$","?","?","?","R","E","M","T","E","?","M","?","?","R","BOSS","M","?","?","M","?","R","E","R","T","E","?","R","?","M","R","BOSS","M","?","?","?","M","R","M","E"],"items_purchased":["Matryoshka"],"item_purchase_floors":[22],"items_purged":["Defend_B"],"items_purged_floors":[2],"character_chosen":"DEFECT","card_choices":[{"picked":"Go for the Eyes","not_picked":["Barrage","Stack"],"floor":1},{"picked":"Ball Lightning","not_picked":["Go for the Eyes","Gash"],"floor":7},{"picked":"Ball Lightning","not_picked":["Conserve Battery","Compile Driver"],"floor":8},{"picked":"Buffer","not_picked":["Turbo","Redo"],"floor":8},{"picked":"Tempest","not_picked":["Leap","Multi-Cast"],"floor":10},{"picked":"Ball Lightning+1","not_picked":["Barrage+1","Rebound+1"],"floor":12},{"picked":"SKIP","not_picked":["Cold Snap+1","Hologram","Conserve Battery"],"floor":12},{"picked":"Conserve Battery","not_picked":["Cold Snap+1","Hologram"],"floor":12},{"picked":"SKIP","not_picked":["Darkness","Redo","Barrage+1"],"floor":13},{"picked":"SKIP","not_picked":["Streamline+1","Rebound+1","Double Energy"],"floor":13},{"picked":"Electrodynamics","not_picked":["Hyperbeam+1","Seek"],"floor":16},{"picked":"Leap","not_picked":["Melter+1","Streamline+1"],"floor":18},{"picked":"SKIP","not_picked":["Barrage+1","Turbo","Reinforced Body"],"floor":18},{"picked":"Recycle+1","not_picked":["Chill","Compile Driver+1"],"floor":21},{"picked":"SKIP","not_picked":["Streamline+1","Recycle","White Noise"],"floor":21},{"picked":"SKIP","not_picked":["Streamline+1","Blizzard+1","Turbo"],"floor":24},{"picked":"Singing Bowl","not_picked":["Aggregate","Redo","Darkness"],"floor":27},{"picked":"Singing Bowl","not_picked":["Compile Driver+1","Self Repair+1","Steam+1"],"floor":31},{"picked":"Static Discharge+1","not_picked":["Conserve Battery","Coolheaded"],"floor":31},{"picked":"Core Surge+1","not_picked":["All For One+1","Reboot"],"floor":33},{"picked":"Singing Bowl","not_picked":["Steam Power","Recycle+1","Heatsinks+1"],"floor":35},{"picked":"Ball Lightning+1","not_picked":["Glacier","FTL+1"],"floor":35},{"picked":"Singing Bowl","not_picked":["Cold Snap+1","Gash+1","Sweeping Beam+1"],"floor":37},{"picked":"Singing Bowl","not_picked":["Turbo","Chaos","Sunder+1"],"floor":39},{"picked":"Consume+1","not_picked":["Stack","Hologram+1"],"floor":39},{"picked":"Singing Bowl","not_picked":["Rip and Tear+1","Steam+1","Sweeping Beam+1"],"floor":41},{"picked":"Singing Bowl","not_picked":["Blizzard+1","Compile Driver+1","Rebound+1"],"floor":41}],"event_choices":[{"event_name":"Big Fish","player_choice":"Donut","floor":3,"cards_obtained":null,"cards_removed":null,"cards_transformed":null,"cards_upgraded":null,"relics_obtained":null,"potions_obtained":null,"relics_lost":null,"damage_taken":0,"damage_healed":0,"max_hp_loss":0,"max_hp_gain":5,"gold_gain":0,"gold_loss":0},{"event_name":"Scrap Ooze","player_choice":"Success","floor":4,"cards_obtained":null,"cards_removed":null,"cards_transformed":null,"cards_upgraded":null,"relics_obtained":["Prayer Wheel"],"potions_obtained":null,"relics_lost":null,"damage_taken":12,"damage_healed":0,"max_hp_loss":0,"max_hp_gain":0,"gold_gain":0,"gold_loss":0},{"event_name":"Shining Light","player_choice":"Entered Light","floor":5,"cards_obtained":null,"cards_removed":null,"cards_transformed":null,"cards_upgraded":["Go for the Eyes","Zap"],"relics_obtained":null,"potions_obtained":null,"relics_lost":null,"damage_taken":16,"damage_healed":0,"max_hp_loss":0,"max_hp_gain":0,"gold_gain":0,"gold_loss":0},{"event_name":"Living Wall","player_choice":"Forget","floor":11,"cards_obtained":null,"cards_removed":["Strike_B"],"cards_transformed":null,"cards_upgraded":null,"relics_obtained":null,"potions_obtained":null,"relics_lost":null,"damage_taken":0,"damage_healed":0,"max_hp_loss":0,"max_hp_gain":0,"gold_gain":0,"gold_loss":0},{"event_name":"Upgrade Shrine","player_choice":"Upgraded","floor":14,"cards_obtained":null,"cards_removed":null,"cards_transformed":null,"cards_upgraded":["Buffer"],"relics_obtained":null,"potions_obtained":null,"relics_lost":null,"damage_taken":0,"damage_healed":0,"max_hp_loss":0,"max_hp_gain":0,"gold_gain":0,"gold_loss":0},{"event_name":"Vampires","player_choice":"Ignored","floor":19,"cards_obtained":null,"cards_removed":null,"cards_transformed":null,"cards_upgraded":null,"relics_obtained":null,"potions_obtained":null,"relics_lost":null,"damage_taken":0,"damage_healed":0,"max_hp_loss":0,"max_hp_gain":0,"gold_gain":0,"gold_loss":0},{"event_name":"Ghosts","player_choice":"Ignored","floor":20,"cards_obtained":null,"cards_removed":null,"cards_transformed":null,"cards_upgraded":null,"relics_obtained":null,"potions_obtained":null,"relics_lost":null,"damage_taken":0,"damage_healed":0,"max_hp_loss":0,"max_hp_gain":0,"gold_gain":0,"gold_loss":0},{"event_name":"Beggar","player_choice":"Gave Gold","floor":28,"cards_obtained":null,"cards_removed":["Strike_B"],"cards_transformed":null,"cards_upgraded":null,"relics_obtained":null,"potions_obtained":null,"relics_lost":null,"damage_taken":0,"damage_healed":0,"max_hp_loss":0,"max_hp_gain":0,"gold_gain":0,"gold_loss":75},{"event_name":"Lab","player_choice":"Got Potions","floor":30,"cards_obtained":null,"cards_removed":null,"cards_transformed":null,"cards_upgraded":null,"relics_obtained":null,"potions_obtained":null,"relics_lost":null,"damage_taken":0,"damage_healed":0,"max_hp_loss":0,"max_hp_gain":0,"gold_gain":0,"gold_loss":0},{"event_name":"Tomb of Lord Red Mask","player_choice":"Paid","floor":36,"cards_obtained":null,"cards_removed":null,"cards_transformed":null,"cards_upgraded":null,"relics_obtained":["Red Mask"],"potions_obtained":null,"relics_lost":null,"damage_taken":0,"damage_healed":0,"max_hp_loss":0,"max_hp_gain":0,"gold_gain":0,"gold_loss":149},{"event_name":"MindBloom","player_choice":"Fight","floor":37,"cards_obtained":null,"cards_removed":null,"cards_transformed":null,"cards_upgraded":null,"relics_obtained":null,"potions_obtained":null,"relics_lost":null,"damage_taken":0,"damage_healed":0,"max_hp_loss":0,"max_hp_gain":0,"gold_gain":0,"gold_loss":0}],"boss_relics":[{"picked":"Nuclear Battery","not_picked":["Tiny House","Cursed Key"]},{"picked":"Inserter","not_picked":["SacredBark","Fusion Hammer"]}],"damage_taken":[{"floor":1,"enemies":"2 Louse","damage":0,"turns":1},{"floor":7,"enemies":"3 Sentries","damage":0,"turns":1},{"floor":8,"enemies":"Jaw Worm","damage":0,"turns":1},{"floor":10,"enemies":"Lagavulin","damage":10,"turns":6},{"floor":12,"enemies":"Small Slimes","damage":0,"turns":2},{"floor":13,"enemies":"Red Slaver","damage":0,"turns":2},{"floor":16,"enemies":"Hexaghost","damage":38,"turns":8},{"floor":18,"enemies":"2 Thieves","damage":0,"turns":1},{"floor":21,"enemies":"Shell Parasite","damage":7,"turns":5},{"floor":24,"enemies":"Slavers","damage":19,"turns":3},{"floor":27,"enemies":"Gremlin Leader","damage":0,"turns":3},{"floor":31,"enemies":"Centurion and Healer","damage":0,"turns":3},{"floor":33,"enemies":"Automaton","damage":71,"turns":8},{"floor":35,"enemies":"3 Shapes","damage":12,"turns":2},{"floor":37,"enemies":"Mind Bloom Boss Battle","damage":19,"turns":7},{"floor":39,"enemies":"3 Darklings","damage":26,"turns":3},{"floor":41,"enemies":"Writhing Mass","damage":13,"turns":3},{"floor":42,"enemies":"Giant Head","damage":54,"turns":7}],"potions_obtained":[{"key":"Regen Potion","floor":8},{"key":"GamblersBrew","floor":10},{"key":"Strength Potion","floor":16},{"key":"Fire Potion","floor":18},{"key":"Energy Potion","floor":30},{"key":"CultistPotion","floor":30},{"key":"Fruit Juice","floor":30},{"key":"DistilledChaos","floor":39}],"relics_obtained":[{"key":"MealTicket","floor":7},{"key":"Molten Egg 2","floor":9},{"key":"Potion Belt","floor":10},{"key":"Pantograph","floor":24},{"key":"Gremlin Horn","floor":26},{"key":"Singing Bowl","floor":26},{"key":"Nunchaku","floor":27},{"key":"Mango","floor":37},{"key":"Whetstone","floor":38},{"key":"Pen Nib","floor":38}],"campfire_choices":[{"floor":6,"key":"SMITH","data":"Dualcast"},{"floor":15,"key":"SMITH","data":"Tempest"},{"floor":23,"key":"SMITH","data":"Electrodynamics"},{"floor":25,"key":"SMITH","data":"Ball Lightning"},{"floor":29,"key":"SMITH","data":"Ball Lightning"},{"floor":32,"key":"SMITH","data":"Conserve Battery"},{"floor":40,"key":"SMITH","data":"Leap"}],"circlet_count":0,"win_rate":0,"killed_by":"Giant Head"}