{"play_id":"dd86cd19-7b83-4dfa-98d2-a888a4472e80","build_version":"2020-01-27","seed_played":"-6120935911120695222","chose_seed":false,"seed_source_timestamp":3233109724483,"is_daily":false,"special_seed":null,"is_trial":false,"is_endless":false,"is_ascension_mode":true,"ascension_level":11,"neow_bonus":"TRANSFORM_TWO_CARDS","neow_cost":"TEN_PERCENT_HP_LOSS","is_beta":false,"is_prod":false,"victory":false,"floor_reached":12,"score":136,"timestamp":1704169039,"local_time":"01/02/2024 04:17:19","playtime":613,"player_experience":479272,"master_deck":["AscendersBane","Strike_B","Strike_B","Strike_B","Defend_B","Defend_B","Defend_B","Zap","Dualcast+1","Coolheaded","Gash","Consume","Hologram","Static Discharge","Conserve Battery","Rainbow","Electrodynamics","Genetic Algorithm"],"relics":["Cracked Core","NlothsMask","Du-Vu Doll","TungstenRod"],"gold":136,"campfire_rested":1,"campfire_upgraded":1,"purchased_purges":0,"potions_floor_spawned":[1,11],"potions_floor_usage":[6,12],"current_hp_per_floor":[59,59,58,58,53,23,23,5,5,25,9,0],"max_hp_per_floor":[68,68,68,68,68,68,68,68,68,68,68,68],"gold_per_floor":[109,109,123,54,67,93,93,119,119,119,136,136],"path_per_floor":["M","?","M","$","M","E","R","E","T","R","M","E"],"path_taken":["M","?","M","$","M","E","R","E","T","R","?","E"],"items_purchased":["Static Discharge"],"item_purchase_floors":[4],"items_purged":[],"items_purged_floors":[],"character_chosen":"DEFECT","card_choices":[{"picked":"Consume","not_picked":["Redo","Turbo"],"floor":1},{"picked":"Hologram","not_picked":["Beam Cell","Compile Driver"],"floor":3},{"picked":"Conserve Battery","not_picked":["Doom and Gloom","Chaos"],"floor":5},{"picked":"Rainbow","not_picked":["Beam Cell","Leap"],"floor":6},{"picked":"Electrodynamics","not_picked":["Sweeping Beam","Undo"],"floor":8},{"picked":"Genetic Algorithm","not_picked":["Leap","Coolheaded"],"floor":11}],"event_choices":[{"event_name":"FaceTrader","player_choice":"Trade","floor":2,"cards_obtained":null,"cards_removed":null,"cards_transformed":null,"cards_upgraded":null,"relics_obtained":["NlothsMask"],"potions_obtained":null,"relics_lost":null,"damage_taken":0,"damage_healed":0,"max_hp_loss":0,"max_hp_gain":0,"gold_gain":0,"gold_loss":0}],"boss_relics":[],"damage_taken":[{"floor":1,"enemies":"2 Louse","damage":9,"turns":2},{"floor":3,"enemies":"Cultist","damage":1,"turns":3},{"floor":5,"enemies":"Small Slimes","damage":5,"turns":4},{"floor":6,"enemies":"Gremlin Nob","damage":30,"turns":4},{"floor":8,"enemies":"3 Sentries","damage":18,"turns":5},{"floor":11,"enemies":"Exordium Thugs","damage":16,"turns":3},{"floor":12,"enemies":"Lagavulin","damage":12,"turns":3}],"potions_obtained":[{"key":"EssenceOfSteel","floor":1},{"key":"ColorlessPotion","floor":11}],"relics_obtained":[{"key":"Du-Vu Doll","floor":6},{"key":"TungstenRod","floor":8}],"campfire_choices":[{"floor":7,"key":"SMITH","data":"Dualcast"},{"floor":10,"key":"REST"}],"circlet_count":0,"win_rate":0,"killed_by":"Lagavulin"}