{"play_id":"955c7ba8-6ee5-45d5-87f3-040072315818","build_version":"2020-01-27","seed_played":"3728612669082034387","chose_seed":false,"seed_source_timestamp":0,"is_daily":false,"special_seed":0,"is_trial":false,"is_endless":false,"is_ascension_mode":true,"ascension_level":12,"neow_bonus":"BOSS_RELIC","neow_cost":"NONE","is_beta":false,"is_prod":false,"victory":false,"floor_reached":8,"score":86,"timestamp":1705244275,"local_time":"01/14/2024 14:57:55","playtime":264,"player_experience":492967,"master_deck":["AscendersBane","Strike_B","Strike_B","Strike_B","Defend_B","Defend_B","Defend_B","Defend_B","Zap","Dualcast","Streamline+1","Ball Lightning"],"relics":["Sozu","Letter Opener","Dead Branch"],"gold":241,"campfire_rested":0,"campfire_upgraded":1,"purchased_purges":0,"potions_floor_spawned":[6],"potions_floor_usage":[],"current_hp_per_floor":[68,57,57,57,50,20,20,0],"max_hp_per_floor":[75,75,75,75,75,75,75,75],"gold_per_floor":[117,192,192,192,210,241,241,241],"path_per_floor":["M","?","?","T","M","E","R","E"],"path_taken":["M","?","?","?","M","E","R","E"],"items_purchased":[],"item_purchase_floors":[],"items_purged":[],"items_purged_floors":[],"character_chosen":"DEFECT","card_choices":[{"picked":"Streamline","not_picked":["Beam Cell","Hologram"],"floor":1},{"picked":"Ball Lightning","not_picked":["Hologram","Leap"],"floor":5},{"picked":"SKIP","not_picked":["Capacitor","Steam Power","Force Field"],"floor":6}],"event_choices":[{"event_name":"World of Goop","player_choice":"Gather Gold","floor":2,"cards_obtained":null,"cards_removed":null,"cards_transformed":null,"cards_upgraded":null,"relics_obtained":null,"potions_obtained":null,"relics_lost":null,"damage_taken":11,"damage_healed":0,"max_hp_loss":0,"max_hp_gain":0,"gold_gain":75,"gold_loss":0},{"event_name":"Living Wall","player_choice":"Forget","floor":3,"cards_obtained":null,"cards_removed":["Strike_B"],"cards_transformed":null,"cards_upgraded":null,"relics_obtained":null,"potions_obtained":null,"relics_lost":null,"damage_taken":0,"damage_healed":0,"max_hp_loss":0,"max_hp_gain":0,"gold_gain":0,"gold_loss":0}],"boss_relics":[],"damage_taken":[{"floor":1,"enemies":"Small Slimes","damage":0,"turns":4},{"floor":5,"enemies":"Jaw Worm","damage":7,"turns":3},{"floor":6,"enemies":"Lagavulin","damage":30,"turns":7},{"floor":8,"enemies":"Gremlin Nob","damage":29,"turns":3}],"potions_obtained":[],"relics_obtained":[{"key":"Letter Opener","floor":4},{"key":"Dead Branch","floor":6}],"campfire_choices":[{"floor":7,"key":"SMITH","data":"Streamline"}],"circlet_count":0,"win_rate":0,"killed_by":"Gremlin Nob"}