{"play_id":"02f4f62a-6cdf-4ed5-a591-efd500680f19","build_version":"2020-01-27","seed_played":"-4680380935500637750","chose_seed":false,"seed_source_timestamp":1911456885827,"is_daily":false,"special_seed":null,"is_trial":false,"is_endless":false,"is_ascension_mode":true,"ascension_level":12,"neow_bonus":"THREE_ENEMY_KILL","neow_cost":"NONE","is_beta":false,"is_prod":false,"victory":false,"floor_reached":14,"score":197,"timestamp":1707573631,"local_time":"02/10/2024 14:00:31","playtime":273,"player_experience":518215,"master_deck":["AscendersBane","Strike_B","Strike_B","Strike_B","Strike_B","Defend_B","Defend_B+1","Defend_B","Defend_B","Zap","Dualcast+1","Darkness","Conserve Battery","Injury","Scrape+1","Beam Cell","Conserve Battery","Darkness"],"relics":["Cracked Core","NeowsBlessing","Golden Idol","Kunai","Bronze Scales","Calipers","Bottled Flame"],"gold":94,"campfire_rested":0,"campfire_upgraded":1,"purchased_purges":0,"potions_floor_spawned":[4,8,12],"potions_floor_usage":[8,12,14],"current_hp_per_floor":[68,68,68,68,56,56,56,31,31,28,28,28,13,0],"max_hp_per_floor":[75,75,75,75,75,75,75,75,75,75,75,75,75,75],"gold_per_floor":[118,66,66,86,86,121,26,61,61,75,75,94,94,94],"path_per_floor":["M","$","?","M","?","E","$","E","T","M","R","M","?","M"],"path_taken":["M","?","?","M","?","E","$","E","T","M","R","?","?","M"],"items_purchased":["Conserve Battery","Beam Cell","Conserve Battery"],"item_purchase_floors":[2,7,7],"items_purged":[],"items_purged_floors":[],"character_chosen":"DEFECT","card_choices":[{"picked":"Darkness","not_picked":["Steam","Hello World"],"floor":1},{"picked":"SKIP","not_picked":["Rebound","Coolheaded","Loop"],"floor":4},{"picked":"Scrape","not_picked":["Gash","Rebound"],"floor":6},{"picked":"SKIP","not_picked":["Conserve Battery","Turbo","Rip and Tear"],"floor":8},{"picked":"Darkness","not_picked":["Turbo","Reprogram"],"floor":10},{"picked":"SKIP","not_picked":["Aggregate","Consume","Leap"],"floor":12}],"event_choices":[{"event_name":"Golden Idol","player_choice":"Take Wound","floor":3,"cards_obtained":["Injury"],"cards_removed":null,"cards_transformed":null,"cards_upgraded":null,"relics_obtained":["Golden Idol"],"potions_obtained":null,"relics_lost":null,"damage_taken":0,"damage_healed":0,"max_hp_loss":0,"max_hp_gain":0,"gold_gain":0,"gold_loss":0},{"event_name":"Scrap Ooze","player_choice":"Success","floor":5,"cards_obtained":null,"cards_removed":null,"cards_transformed":null,"cards_upgraded":null,"relics_obtained":["Kunai"],"potions_obtained":null,"relics_lost":null,"damage_taken":12,"damage_healed":0,"max_hp_loss":0,"max_hp_gain":0,"gold_gain":0,"gold_loss":0},{"event_name":"Shining Light","player_choice":"Entered Light","floor":13,"cards_obtained":null,"cards_removed":null,"cards_transformed":null,"cards_upgraded":["Defend_B","Scrape"],"relics_obtained":null,"potions_obtained":null,"relics_lost":null,"damage_taken":15,"damage_healed":0,"max_hp_loss":0,"max_hp_gain":0,"gold_gain":0,"gold_loss":0}],"boss_relics":[],"damage_taken":[{"floor":1,"enemies":"Cultist","damage":0,"turns":1},{"floor":4,"enemies":"Jaw Worm","damage":0,"turns":1},{"floor":6,"enemies":"Gremlin Nob","damage":0,"turns":1},{"floor":8,"enemies":"3 Sentries","damage":25,"turns":6},{"floor":10,"enemies":"2 Louse","damage":3,"turns":2},{"floor":12,"enemies":"Looter","damage":0,"turns":3},{"floor":14,"enemies":"Blue Slaver","damage":13,"turns":2}],"potions_obtained":[{"key":"Explosive Potion","floor":4},{"key":"Block Potion","floor":8},{"key":"DistilledChaos","floor":12}],"relics_obtained":[{"key":"Bronze Scales","floor":6},{"key":"Calipers","floor":8},{"key":"Bottled Flame","floor":9}],"campfire_choices":[{"floor":11,"key":"SMITH","data":"Dualcast"}],"circlet_count":0,"win_rate":0,"killed_by":"Blue Slaver"}