{"play_id":"dd4566cb-c177-4d3d-8094-5f88e00d8980","build_version":"2020-01-27","seed_played":"3303785135552908592","chose_seed":false,"seed_source_timestamp":1368196244931,"is_daily":false,"special_seed":null,"is_trial":false,"is_endless":false,"is_ascension_mode":true,"ascension_level":12,"neow_bonus":"RANDOM_COLORLESS","neow_cost":"NONE","is_beta":false,"is_prod":false,"victory":false,"floor_reached":16,"score":157,"timestamp":1707428580,"local_time":"02/08/2024 21:43:00","playtime":411,"player_experience":517594,"master_deck":["AscendersBane","Strike_B","Strike_B","Strike_B","Strike_B","Defend_B","Defend_B","Defend_B","Defend_B","Zap+1","Dualcast+1","Good Instincts","Streamline","Beam Cell+1","Purity","Conserve Battery+1","Doubt","Rip and Tear"],"relics":["Cracked Core","Bag of Marbles","The Courier","Odd Mushroom","Potion Belt"],"gold":329,"campfire_rested":0,"campfire_upgraded":4,"purchased_purges":0,"potions_floor_spawned":[4,11,14],"potions_floor_usage":[13],"current_hp_per_floor":[62,62,62,62,62,62,62,62,62,62,47,47,17,11,11,0],"max_hp_per_floor":[75,75,75,75,75,75,75,75,75,75,75,75,75,75,75,75],"gold_per_floor":[117,71,71,82,93,93,93,268,268,268,289,289,316,329,329,329],"path_per_floor":["M","$","?","M","M","R","?","?","T","R","?","R","E","M","R","B"],"path_taken":["M","$","?","?","M","R","?","?","T","R","?","R","E","M","R","BOSS"],"items_purchased":["Beam Cell"],"item_purchase_floors":[2],"items_purged":[],"items_purged_floors":[],"character_chosen":"DEFECT","card_choices":[{"picked":"Good Instincts","not_picked":["Finesse","Jack Of All Trades"],"floor":0},{"picked":"Streamline","not_picked":["BootSequence","Hello World"],"floor":1},{"picked":"Conserve Battery","not_picked":["Hologram","Streamline"],"floor":4},{"picked":"SKIP","not_picked":["Leap","Stack","Thunder Strike"],"floor":5},{"picked":"SKIP","not_picked":["Turbo","Consume","Skim"],"floor":13},{"picked":"Rip and Tear","not_picked":["Hologram","Heatsinks"],"floor":14}],"event_choices":[{"event_name":"Match and Keep!","player_choice":"1 cards matched","floor":3,"cards_obtained":["Purity"],"cards_removed":null,"cards_transformed":null,"cards_upgraded":null,"relics_obtained":null,"potions_obtained":null,"relics_lost":null,"damage_taken":0,"damage_healed":0,"max_hp_loss":0,"max_hp_gain":0,"gold_gain":0,"gold_loss":0},{"event_name":"Dead Adventurer","player_choice":"Searched '1' times","floor":7,"cards_obtained":null,"cards_removed":null,"cards_transformed":null,"cards_upgraded":null,"relics_obtained":["Bag of Marbles"],"potions_obtained":null,"relics_lost":null,"damage_taken":0,"damage_healed":0,"max_hp_loss":0,"max_hp_gain":0,"gold_gain":0,"gold_loss":0},{"event_name":"Liars Game","player_choice":"AGREE","floor":8,"cards_obtained":["Doubt"],"cards_removed":null,"cards_transformed":null,"cards_upgraded":null,"relics_obtained":null,"potions_obtained":null,"relics_lost":null,"damage_taken":0,"damage_healed":0,"max_hp_loss":0,"max_hp_gain":0,"gold_gain":175,"gold_loss":0},{"event_name":"Mushrooms","player_choice":"Fought Mushrooms","floor":11,"cards_obtained":null,"cards_removed":null,"cards_transformed":null,"cards_upgraded":null,"relics_obtained":null,"potions_obtained":null,"relics_lost":null,"damage_taken":0,"damage_healed":0,"max_hp_loss":0,"max_hp_gain":0,"gold_gain":0,"gold_loss":0}],"boss_relics":[],"damage_taken":[{"floor":1,"enemies":"Cultist","damage":6,"turns":3},{"floor":4,"enemies":"2 Louse","damage":0,"turns":3},{"floor":5,"enemies":"Small Slimes","damage":0,"turns":3},{"floor":11,"enemies":"The Mushroom Lair","damage":15,"turns":5},{"floor":13,"enemies":"Lagavulin","damage":30,"turns":8},{"floor":14,"enemies":"Looter","damage":6,"turns":3},{"floor":16,"enemies":"The Guardian","damage":16,"turns":2}],"potions_obtained":[{"key":"SkillPotion","floor":4},{"key":"SteroidPotion","floor":11},{"key":"SteroidPotion","floor":14}],"relics_obtained":[{"key":"The Courier","floor":9},{"key":"Odd Mushroom","floor":11},{"key":"Potion Belt","floor":13}],"campfire_choices":[{"floor":6,"key":"SMITH","data":"Dualcast"},{"floor":10,"key":"SMITH","data":"Beam Cell"},{"floor":12,"key":"SMITH","data":"Zap"},{"floor":15,"key":"SMITH","data":"Conserve Battery"}],"circlet_count":0,"win_rate":0,"killed_by":"The Guardian"}