{"play_id":"dff80b0d-1800-4745-8d17-649a3a0aa34a","build_version":"2020-01-27","seed_played":"8124778808068868458","chose_seed":false,"seed_source_timestamp":3051133472428,"is_daily":false,"special_seed":null,"is_trial":false,"is_endless":false,"is_ascension_mode":true,"ascension_level":12,"neow_bonus":"BOSS_RELIC","neow_cost":"NONE","is_beta":false,"is_prod":false,"victory":false,"floor_reached":16,"score":179,"timestamp":1707800967,"local_time":"02/13/2024 05:09:27","playtime":1050,"player_experience":524132,"master_deck":["AscendersBane","Strike_B","Strike_B","Defend_B","Defend_B","Defend_B","Defend_B","Zap","Dualcast","Streamline","Lockon","Streamline","Beam Cell","Conserve Battery","Doom and Gloom","BootSequence"],"relics":["Snecko Eye","Kunai","Bottled Lightning","ClockworkSouvenir","Calipers","Toxic Egg 2"],"gold":49,"campfire_rested":2,"campfire_upgraded":0,"purchased_purges":1,"potions_floor_spawned":[1,6,7],"potions_floor_usage":[6,7,11,16],"current_hp_per_floor":[68,57,57,55,55,26,20,12,12,12,7,29,3,3,25,0],"max_hp_per_floor":[75,75,75,75,75,75,75,75,75,75,75,75,75,75,75,75],"gold_per_floor":[118,193,213,232,182,213,224,238,311,12,23,23,49,49,49,49],"path_per_floor":["M","?","M","M","?","E","M","M","T","$","M","R","E","T","R","B"],"path_taken":["M","?","M","M","?","E","M","M","T","$","M","R","E","?","R","BOSS"],"items_purchased":["ClockworkSouvenir","Regen Potion"],"item_purchase_floors":[10,10],"items_purged":["Strike_B"],"items_purged_floors":[10],"character_chosen":"DEFECT","card_choices":[{"picked":"Streamline","not_picked":["Reprogram","White Noise"],"floor":1},{"picked":"Lockon","not_picked":["Go for the Eyes","White Noise"],"floor":3},{"picked":"Streamline","not_picked":["Cold Snap","Coolheaded"],"floor":4},{"picked":"Beam Cell","not_picked":["Thunder Strike","Rebound"],"floor":6},{"picked":"Conserve Battery","not_picked":["Storm","Gash"],"floor":7},{"picked":"SKIP","not_picked":["Go for the Eyes","Compile Driver","Sweeping Beam"],"floor":8},{"picked":"Doom and Gloom","not_picked":["Go for the Eyes","Storm"],"floor":11},{"picked":"BootSequence","not_picked":["Tempest","Steam"],"floor":13}],"event_choices":[{"event_name":"World of Goop","player_choice":"Gather Gold","floor":2,"cards_obtained":null,"cards_removed":null,"cards_transformed":null,"cards_upgraded":null,"relics_obtained":null,"potions_obtained":null,"relics_lost":null,"damage_taken":11,"damage_healed":0,"max_hp_loss":0,"max_hp_gain":0,"gold_gain":75,"gold_loss":0},{"event_name":"The Cleric","player_choice":"Card Removal","floor":5,"cards_obtained":null,"cards_removed":["Strike_B"],"cards_transformed":null,"cards_upgraded":null,"relics_obtained":null,"potions_obtained":null,"relics_lost":null,"damage_taken":0,"damage_healed":0,"max_hp_loss":0,"max_hp_gain":0,"gold_gain":0,"gold_loss":50}],"boss_relics":[],"damage_taken":[{"floor":1,"enemies":"Cultist","damage":0,"turns":4},{"floor":3,"enemies":"2 Louse","damage":0,"turns":2},{"floor":4,"enemies":"Jaw Worm","damage":2,"turns":2},{"floor":6,"enemies":"Gremlin Nob","damage":29,"turns":4},{"floor":7,"enemies":"Looter","damage":6,"turns":2},{"floor":8,"enemies":"Blue Slaver","damage":8,"turns":2},{"floor":11,"enemies":"Red Slaver","damage":14,"turns":3},{"floor":13,"enemies":"Lagavulin","damage":26,"turns":6},{"floor":16,"enemies":"Slime Boss","damage":38,"turns":3}],"potions_obtained":[{"key":"AttackPotion","floor":1},{"key":"AttackPotion","floor":6},{"key":"Explosive Potion","floor":7}],"relics_obtained":[{"key":"Kunai","floor":6},{"key":"Bottled Lightning","floor":9},{"key":"Calipers","floor":13},{"key":"Toxic Egg 2","floor":14}],"campfire_choices":[{"floor":12,"key":"REST"},{"floor":15,"key":"REST"}],"circlet_count":0,"win_rate":0,"killed_by":"Slime Boss"}