{"play_id":"7cde14b9-5422-4073-85d5-801f79b2a33b","build_version":"2020-01-27","seed_played":"-1712488039382492010","chose_seed":false,"seed_source_timestamp":0,"is_daily":false,"special_seed":0,"is_trial":false,"is_endless":false,"is_ascension_mode":true,"ascension_level":12,"neow_bonus":"ONE_RARE_RELIC","neow_cost":"CURSE","is_beta":false,"is_prod":false,"victory":false,"floor_reached":23,"score":299,"timestamp":1707332619,"local_time":"02/07/2024 19:03:39","playtime":539,"player_experience":515541,"master_deck":["AscendersBane","Strike_B","Defend_B","Defend_B","Defend_B","Zap+1","Dualcast","Ball Lightning","Panacea+1","Rip and Tear","Turbo+1","Tempest","Defragment+1","Lockon","Echo Form","Creative AI+1","Capacitor+1","Chaos+1","Capacitor"],"relics":["Cracked Core","Ice Cream","Meat on the Bone","Pantograph","Astrolabe","Toxic Egg 2"],"gold":14,"campfire_rested":0,"campfire_upgraded":3,"purchased_purges":1,"potions_floor_spawned":[1,7,13,14],"potions_floor_usage":[],"current_hp_per_floor":[56,56,56,56,56,56,56,51,51,51,44,44,39,37,37,45,68,42,42,42,42,42,42],"max_hp_per_floor":[75,75,75,75,75,75,75,75,75,75,75,75,75,75,75,75,75,75,75,75,75,75,75],"gold_per_floor":[113,38,38,38,38,38,48,73,73,73,86,14,28,46,46,151,151,169,99,14,14,14,14],"path_per_floor":["M","$","?","$","?","R","M","E","T","R","M","$","M","M","R","B","ul","M","$","?","?","?","E"],"path_taken":["M","$","?","?","?","R","?","E","T","R","M","?","?","M","R","BOSS","M","$","?","?","?","E"],"items_purchased":["Defragment","Capacitor"],"item_purchase_floors":[12,19],"items_purged":["Decay"],"items_purged_floors":[2],"character_chosen":"DEFECT","card_choices":[{"picked":"Ball Lightning","not_picked":["Barrage","Leap"],"floor":1},{"picked":"SKIP","not_picked":["Sweeping Beam","Cold Snap","Rebound"],"floor":7},{"picked":"Turbo","not_picked":["Seek","Steam"],"floor":8},{"picked":"Tempest","not_picked":["Hologram","Darkness"],"floor":11},{"picked":"SKIP","not_picked":["Turbo","Barrage","Sweeping Beam"],"floor":13},{"picked":"Lockon","not_picked":["Static Discharge","Force Field"],"floor":14},{"picked":"Echo Form","not_picked":["Hyperbeam","Meteor Strike"],"floor":16},{"picked":"SKIP","not_picked":["Steam Power","Stack","Streamline"],"floor":18}],"event_choices":[{"event_name":"Match and Keep!","player_choice":"2 cards matched","floor":3,"cards_obtained":["Panacea","Rip and Tear"],"cards_removed":null,"cards_transformed":null,"cards_upgraded":null,"relics_obtained":null,"potions_obtained":null,"relics_lost":null,"damage_taken":0,"damage_healed":0,"max_hp_loss":0,"max_hp_gain":0,"gold_gain":0,"gold_loss":0},{"event_name":"Upgrade Shrine","player_choice":"Upgraded","floor":5,"cards_obtained":null,"cards_removed":null,"cards_transformed":null,"cards_upgraded":["Panacea"],"relics_obtained":null,"potions_obtained":null,"relics_lost":null,"damage_taken":0,"damage_healed":0,"max_hp_loss":0,"max_hp_gain":0,"gold_gain":0,"gold_loss":0},{"event_name":"Addict","player_choice":"Obtained Relic","floor":20,"cards_obtained":null,"cards_removed":null,"cards_transformed":null,"cards_upgraded":null,"relics_obtained":["Toxic Egg 2"],"potions_obtained":null,"relics_lost":null,"damage_taken":0,"damage_healed":0,"max_hp_loss":0,"max_hp_gain":0,"gold_gain":0,"gold_loss":85},{"event_name":"Ghosts","player_choice":"Ignored","floor":21,"cards_obtained":null,"cards_removed":null,"cards_transformed":null,"cards_upgraded":null,"relics_obtained":null,"potions_obtained":null,"relics_lost":null,"damage_taken":0,"damage_healed":0,"max_hp_loss":0,"max_hp_gain":0,"gold_gain":0,"gold_loss":0},{"event_name":"Back to Basics","player_choice":"Elegance","floor":22,"cards_obtained":null,"cards_removed":["Strike_B"],"cards_transformed":null,"cards_upgraded":null,"relics_obtained":null,"potions_obtained":null,"relics_lost":null,"damage_taken":0,"damage_healed":0,"max_hp_loss":0,"max_hp_gain":0,"gold_gain":0,"gold_loss":0}],"boss_relics":[{"picked":"Astrolabe","not_picked":["Sozu","Coffee Dripper"]}],"damage_taken":[{"floor":1,"enemies":"Small Slimes","damage":12,"turns":3},{"floor":7,"enemies":"Cultist","damage":0,"turns":3},{"floor":8,"enemies":"3 Sentries","damage":5,"turns":5},{"floor":11,"enemies":"Jaw Worm","damage":7,"turns":2},{"floor":13,"enemies":"Lots of Slimes","damage":17,"turns":3},{"floor":14,"enemies":"Red Slaver","damage":14,"turns":3},{"floor":16,"enemies":"The Guardian","damage":17,"turns":7},{"floor":18,"enemies":"Shell Parasite","damage":38,"turns":4},{"floor":23,"enemies":"Slavers","damage":0,"turns":1}],"potions_obtained":[{"key":"FairyPotion","floor":1},{"key":"Fire Potion","floor":7},{"key":"Dexterity Potion","floor":13},{"key":"Energy Potion","floor":14}],"relics_obtained":[{"key":"Meat on the Bone","floor":8},{"key":"Pantograph","floor":9}],"campfire_choices":[{"floor":6,"key":"SMITH","data":"Zap"},{"floor":10,"key":"SMITH","data":"Turbo"},{"floor":15,"key":"SMITH","data":"Defragment"}],"circlet_count":0,"win_rate":0,"killed_by":"Slavers"}