{"play_id":"0f1e96f9-fbc9-476e-a935-234a6577bf3a","build_version":"2020-01-27","seed_played":"6635572026224872365","chose_seed":false,"seed_source_timestamp":0,"is_daily":false,"special_seed":0,"is_trial":false,"is_endless":false,"is_ascension_mode":true,"ascension_level":12,"neow_bonus":"RANDOM_COLORLESS_2","neow_cost":"TEN_PERCENT_HP_LOSS","is_beta":false,"is_prod":false,"victory":false,"floor_reached":29,"score":402,"timestamp":1708396845,"local_time":"02/20/2024 02:40:45","playtime":1357,"player_experience":531872,"master_deck":["AscendersBane","Strike_B","Strike_B","Strike_B","Strike_B","Zap","Dualcast","Apotheosis+1","Static Discharge+1","Consume","Doom and Gloom","Conserve Battery","Conserve Battery","Capacitor","Core Surge","CurseOfTheBell","Defragment+1","Conserve Battery","Doom and Gloom","Ball Lightning"],"relics":["Cracked Core","Dead Branch","Bag of Preparation","PreservedInsect","Calling Bell","Happy Flower","Gremlin Horn","Ginger","Oddly Smooth Stone","Chemical X","Anchor","Dream Catcher"],"gold":74,"campfire_rested":2,"campfire_upgraded":3,"purchased_purges":2,"potions_floor_spawned":[6,10,13,14,18,24,27],"potions_floor_usage":[24,29],"current_hp_per_floor":[67,60,60,53,53,23,45,45,45,33,18,38,38,36,36,11,54,32,32,32,28,28,28,21,41,41,19,19,0],"max_hp_per_floor":[68,68,68,68,68,68,68,68,68,68,68,68,68,68,68,68,68,68,68,68,68,68,68,68,68,68,68,68,68],"gold_per_floor":[112,112,72,92,92,123,123,123,170,185,201,201,215,241,241,345,345,330,255,455,474,74,74,106,106,129,149,74,74],"path_per_floor":["M","?","$","M","?","E","?","R","T","M","M","R","M","E","R","B",null,"M","$","?","M","$","R","E","R","T","M","?","E"],"path_taken":["M","?","$","M","?","E","?","R","T","M","M","R","?","E","R","BOSS","BOSS","M","$","?","M","?","R","E","R","T","?","?","E"],"items_purchased":["Static Discharge","Oddly Smooth Stone","Chemical X"],"item_purchase_floors":[3,22,22],"items_purged":["Defend_B","Defend_B"],"items_purged_floors":[19,22],"character_chosen":"DEFECT","card_choices":[{"picked":"Apotheosis","not_picked":["Mayhem","Thinking Ahead"],"floor":0},{"picked":"SKIP","not_picked":["Rebound","Stack","Blizzard"],"floor":1},{"picked":"Consume","not_picked":["Chill","FTL"],"floor":4},{"picked":"Doom and Gloom","not_picked":["Seek","Beam Cell"],"floor":6},{"picked":"Conserve Battery","not_picked":["Aggregate","Hologram"],"floor":10},{"picked":"Conserve Battery","not_picked":["Streamline","Barrage"],"floor":11},{"picked":"Capacitor","not_picked":["Lockon","Amplify"],"floor":13},{"picked":"SKIP","not_picked":["Hologram","Cold Snap","Blizzard"],"floor":14},{"picked":"Core Surge","not_picked":["Machine Learning","Meteor Strike"],"floor":16},{"picked":"Defragment","not_picked":["Genetic Algorithm","Compile Driver"],"floor":18},{"picked":"Conserve Battery","not_picked":["Cold Snap","Leap"],"floor":21},{"picked":"Doom and Gloom","not_picked":["Buffer","Rebound+1"],"floor":24},{"picked":"Ball Lightning","not_picked":["Steam","Hologram"],"floor":27}],"event_choices":[{"event_name":"Golden Wing","player_choice":"Card Removal","floor":2,"cards_obtained":null,"cards_removed":["Defend_B"],"cards_transformed":null,"cards_upgraded":null,"relics_obtained":null,"potions_obtained":null,"relics_lost":null,"damage_taken":7,"damage_healed":0,"max_hp_loss":0,"max_hp_gain":0,"gold_gain":0,"gold_loss":0},{"event_name":"Liars Game","player_choice":"Ignored","floor":5,"cards_obtained":null,"cards_removed":null,"cards_transformed":null,"cards_upgraded":null,"relics_obtained":null,"potions_obtained":null,"relics_lost":null,"damage_taken":0,"damage_healed":0,"max_hp_loss":0,"max_hp_gain":0,"gold_gain":0,"gold_loss":0},{"event_name":"Big Fish","player_choice":"Banana","floor":7,"cards_obtained":null,"cards_removed":null,"cards_transformed":null,"cards_upgraded":null,"relics_obtained":null,"potions_obtained":null,"relics_lost":null,"damage_taken":0,"damage_healed":22,"max_hp_loss":0,"max_hp_gain":0,"gold_gain":0,"gold_loss":0},{"event_name":"Wheel of Change","player_choice":"Gold","floor":20,"cards_obtained":null,"cards_removed":null,"cards_transformed":null,"cards_upgraded":null,"relics_obtained":null,"potions_obtained":null,"relics_lost":null,"damage_taken":0,"damage_healed":0,"max_hp_loss":0,"max_hp_gain":0,"gold_gain":200,"gold_loss":0},{"event_name":"Beggar","player_choice":"Gave Gold","floor":28,"cards_obtained":null,"cards_removed":["Defend_B"],"cards_transformed":null,"cards_upgraded":null,"relics_obtained":null,"potions_obtained":null,"relics_lost":null,"damage_taken":0,"damage_healed":0,"max_hp_loss":0,"max_hp_gain":0,"gold_gain":0,"gold_loss":75}],"boss_relics":[{"picked":"Calling Bell","not_picked":["Cursed Key","Ectoplasm"]}],"damage_taken":[{"floor":1,"enemies":"2 Louse","damage":1,"turns":2},{"floor":4,"enemies":"Jaw Worm","damage":7,"turns":3},{"floor":6,"enemies":"Gremlin Nob","damage":30,"turns":4},{"floor":10,"enemies":"Small Slimes","damage":12,"turns":2},{"floor":11,"enemies":"Exordium Wildlife","damage":15,"turns":3},{"floor":13,"enemies":"Lots of Slimes","damage":0,"turns":1},{"floor":14,"enemies":"Lagavulin","damage":2,"turns":6},{"floor":16,"enemies":"The Guardian","damage":25,"turns":6},{"floor":18,"enemies":"2 Thieves","damage":22,"turns":5},{"floor":21,"enemies":"Spheric Guardian","damage":4,"turns":4},{"floor":24,"enemies":"Book of Stabbing","damage":7,"turns":5},{"floor":27,"enemies":"3 Cultists","damage":22,"turns":4},{"floor":29,"enemies":"Gremlin Leader","damage":22,"turns":2}],"potions_obtained":[{"key":"DuplicationPotion","floor":6},{"key":"GamblersBrew","floor":10},{"key":"GamblersBrew","floor":13},{"key":"Block Potion","floor":14},{"key":"Dexterity Potion","floor":18},{"key":"SteroidPotion","floor":24},{"key":"BlessingOfTheForge","floor":27}],"relics_obtained":[{"key":"Dead Branch","floor":6},{"key":"Bag of Preparation","floor":9},{"key":"PreservedInsect","floor":14},{"key":"Happy Flower","floor":17},{"key":"Gremlin Horn","floor":17},{"key":"Ginger","floor":17},{"key":"Anchor","floor":24},{"key":"Dream Catcher","floor":26}],"campfire_choices":[{"floor":8,"key":"SMITH","data":"Apotheosis"},{"floor":12,"key":"REST"},{"floor":15,"key":"SMITH","data":"Static Discharge"},{"floor":23,"key":"SMITH","data":"Defragment"},{"floor":25,"key":"REST"}],"circlet_count":0,"win_rate":0,"killed_by":"Gremlin Leader"}