{"play_id":"e31e1e58-d2f8-4b15-9fda-2ebe5b2e96de","build_version":"2020-01-27","seed_played":"-1904812844137130892","chose_seed":false,"seed_source_timestamp":1960442179837,"is_daily":false,"special_seed":null,"is_trial":false,"is_endless":false,"is_ascension_mode":true,"ascension_level":12,"neow_bonus":"THREE_ENEMY_KILL","neow_cost":"NONE","is_beta":false,"is_prod":false,"victory":false,"floor_reached":16,"score":176,"timestamp":1708785353,"local_time":"02/24/2024 14:35:53","playtime":648,"player_experience":547635,"master_deck":["AscendersBane","Strike_B","Strike_B","Strike_B","Defend_B","Defend_B","Defend_B","Defend_B","Zap","Dualcast","Rebound","Compile Driver","White Noise","Rainbow","Core Surge","Loop","Gash"],"relics":["Cracked Core","NeowsBlessing","GremlinMask","Happy Flower","Pen Nib","Eternal Feather","Darkstone Periapt","Lantern"],"gold":143,"campfire_rested":2,"campfire_upgraded":0,"purchased_purges":1,"potions_floor_spawned":[2,6,12,14],"potions_floor_usage":[8,12,16],"current_hp_per_floor":[68,68,68,68,68,47,34,26,26,48,48,32,32,6,37,0],"max_hp_per_floor":[75,75,75,75,75,75,75,75,75,75,75,75,75,75,75,75],"gold_per_floor":[115,130,130,150,11,39,54,64,118,118,43,108,108,143,143,143],"path_per_floor":["M","M","?","M","$","E","M","M","T","R","$","?","T","E","R","B"],"path_taken":["M","?","?","?","$","E","M","M","T","R","?","?","?","E","R","BOSS"],"items_purchased":["Rainbow"],"item_purchase_floors":[5],"items_purged":["Strike_B"],"items_purged_floors":[11],"character_chosen":"DEFECT","card_choices":[{"picked":"Rebound","not_picked":["Turbo","Stack"],"floor":1},{"picked":"Compile Driver","not_picked":["Turbo","Storm"],"floor":2},{"picked":"White Noise","not_picked":["Streamline","Steam"],"floor":4},{"picked":"Core Surge","not_picked":["Skim","Redo"],"floor":6},{"picked":"Loop","not_picked":["Coolheaded","BootSequence"],"floor":7},{"picked":"SKIP","not_picked":["Coolheaded","Leap","Hologram"],"floor":8},{"picked":"Gash","not_picked":["Go for the Eyes","Streamline"],"floor":14}],"event_choices":[{"event_name":"FaceTrader","player_choice":"Trade","floor":3,"cards_obtained":null,"cards_removed":null,"cards_transformed":null,"cards_upgraded":null,"relics_obtained":["GremlinMask"],"potions_obtained":null,"relics_lost":null,"damage_taken":0,"damage_healed":0,"max_hp_loss":0,"max_hp_gain":0,"gold_gain":0,"gold_loss":0},{"event_name":"Dead Adventurer","player_choice":"Searched '1' times","floor":12,"cards_obtained":null,"cards_removed":null,"cards_transformed":null,"cards_upgraded":null,"relics_obtained":null,"potions_obtained":null,"relics_lost":null,"damage_taken":0,"damage_healed":0,"max_hp_loss":0,"max_hp_gain":0,"gold_gain":0,"gold_loss":0}],"boss_relics":[],"damage_taken":[{"floor":1,"enemies":"Cultist","damage":0,"turns":1},{"floor":2,"enemies":"2 Louse","damage":0,"turns":1},{"floor":4,"enemies":"Jaw Worm","damage":0,"turns":1},{"floor":6,"enemies":"Lagavulin","damage":21,"turns":7},{"floor":7,"enemies":"Exordium Thugs","damage":13,"turns":5},{"floor":8,"enemies":"Large Slime","damage":8,"turns":5},{"floor":12,"enemies":"3 Sentries","damage":16,"turns":5},{"floor":14,"enemies":"Gremlin Nob","damage":26,"turns":4},{"floor":16,"enemies":"Slime Boss","damage":45,"turns":6}],"potions_obtained":[{"key":"PotionOfCapacity","floor":2},{"key":"SkillPotion","floor":6},{"key":"CultistPotion","floor":12},{"key":"EssenceOfSteel","floor":14}],"relics_obtained":[{"key":"Happy Flower","floor":6},{"key":"Pen Nib","floor":9},{"key":"Eternal Feather","floor":12},{"key":"Darkstone Periapt","floor":13},{"key":"Lantern","floor":14}],"campfire_choices":[{"floor":10,"key":"REST"},{"floor":15,"key":"REST"}],"circlet_count":0,"win_rate":0,"killed_by":"Slime Boss"}