{"play_id":"2ad0f4b0-05b3-46d5-bd99-353d5a3d72e1","build_version":"2020-01-27","seed_played":"1968458385566204549","chose_seed":false,"seed_source_timestamp":1232726704975,"is_daily":false,"special_seed":null,"is_trial":false,"is_endless":false,"is_ascension_mode":true,"ascension_level":12,"neow_bonus":"RANDOM_COLORLESS","neow_cost":"NONE","is_beta":false,"is_prod":false,"victory":false,"floor_reached":33,"score":498,"timestamp":1708614137,"local_time":"02/22/2024 15:02:17","playtime":1568,"player_experience":539525,"master_deck":["AscendersBane","Strike_B","Strike_B","Strike_B","Defend_B","Defend_B","Zap","Dualcast+1","Dark Shackles","Glacier","Conserve Battery","Doom and Gloom+1","Reboot","Lockon+1","Fusion+1","Electrodynamics+1","BootSequence","Capacitor","Loop","Chaos","Beam Cell","Defragment+1"],"relics":["Cracked Core","Blue Candle","Meat on the Bone","Regal Pillow","Bottled Flame","Smiling Mask","Mummified Hand","Inserter","Lee's Waffle","Oddly Smooth Stone","Ice Cream","Mercury Hourglass","Calipers"],"gold":17,"campfire_rested":0,"campfire_upgraded":6,"purchased_purges":2,"potions_floor_spawned":[1,7,12,16,18,24,27],"potions_floor_usage":[10,20,24,27,33],"current_hp_per_floor":[64,64,64,58,58,58,38,38,38,44,44,40,40,34,34,13,60,46,46,41,82,82,82,50,50,50,32,32,32,43,43,43,0],"max_hp_per_floor":[75,75,75,75,75,75,75,75,75,75,75,75,75,75,75,75,75,75,75,75,82,82,82,82,82,82,82,82,82,82,82,82,82],"gold_per_floor":[119,119,44,61,80,80,107,107,107,137,37,66,79,105,105,203,203,219,219,237,13,13,13,45,55,55,86,7,7,17,17,17,17],"path_per_floor":["M","?","$","M","M","R","E","R","T","E","$","E","M","E","R","B",null,"M","?","M","$","?","R","E","M","T","E","$","R","M","T","R","B"],"path_taken":["M","?","$","M","M","R","E","R","T","E","$","E","M","E","R","BOSS","M","?","?","$","?","R","E","?","T","E","?","R","M","?","R","BOSS"],"items_purchased":["Lee's Waffle","Loop","Defragment"],"item_purchase_floors":[21,21,28],"items_purged":["Defend_B","Defend_B"],"items_purged_floors":[3,11],"character_chosen":"DEFECT","card_choices":[{"picked":"Dark Shackles","not_picked":["Trip","Discovery"],"floor":0},{"picked":"Glacier","not_picked":["Streamline","Sweeping Beam"],"floor":1},{"picked":"Conserve Battery","not_picked":["Steam Power","Barrage"],"floor":4},{"picked":"Doom and Gloom","not_picked":["Double Energy","Barrage"],"floor":5},{"picked":"SKIP","not_picked":["Storm","Coolheaded","Turbo"],"floor":7},{"picked":"Reboot","not_picked":["Turbo","Stack"],"floor":10},{"picked":"Lockon","not_picked":["Barrage","Self Repair"],"floor":12},{"picked":"SKIP","not_picked":["Coolheaded","White Noise","Streamline"],"floor":13},{"picked":"Fusion","not_picked":["Turbo","Gash"],"floor":14},{"picked":"Electrodynamics","not_picked":["Seek","Core Surge"],"floor":16},{"picked":"BootSequence","not_picked":["Barrage","Steam"],"floor":18},{"picked":"SKIP","not_picked":["Double Energy","Leap+1","Barrage+1"],"floor":20},{"picked":"Chaos","not_picked":["Barrage","Blizzard"],"floor":24},{"picked":"Beam Cell","not_picked":["Gash","Chill"],"floor":25},{"picked":"SKIP","not_picked":["Amplify","Cold Snap","Barrage+1"],"floor":27},{"picked":"SKIP","not_picked":["Conserve Battery","Hologram","Beam Cell"],"floor":30}],"event_choices":[{"event_name":"WeMeetAgain","player_choice":"Gave Potion","floor":2,"cards_obtained":null,"cards_removed":null,"cards_transformed":null,"cards_upgraded":null,"relics_obtained":["Blue Candle"],"potions_obtained":null,"relics_lost":null,"damage_taken":0,"damage_healed":0,"max_hp_loss":0,"max_hp_gain":0,"gold_gain":0,"gold_loss":0},{"event_name":"Transmorgrifier","player_choice":"Transformed","floor":19,"cards_obtained":["Capacitor"],"cards_removed":null,"cards_transformed":["Strike_B"],"cards_upgraded":null,"relics_obtained":null,"potions_obtained":null,"relics_lost":null,"damage_taken":0,"damage_healed":0,"max_hp_loss":0,"max_hp_gain":0,"gold_gain":0,"gold_loss":0},{"event_name":"Wheel of Change","player_choice":"Full Heal","floor":22,"cards_obtained":null,"cards_removed":null,"cards_transformed":null,"cards_upgraded":null,"relics_obtained":null,"potions_obtained":null,"relics_lost":null,"damage_taken":0,"damage_healed":0,"max_hp_loss":0,"max_hp_gain":0,"gold_gain":0,"gold_loss":0}],"boss_relics":[{"picked":"Inserter","not_picked":["Sozu","Runic Dome"]}],"damage_taken":[{"floor":1,"enemies":"Small Slimes","damage":4,"turns":3},{"floor":4,"enemies":"Cultist","damage":6,"turns":3},{"floor":5,"enemies":"2 Louse","damage":0,"turns":3},{"floor":7,"enemies":"Gremlin Nob","damage":20,"turns":4},{"floor":10,"enemies":"3 Sentries","damage":6,"turns":7},{"floor":12,"enemies":"Lagavulin","damage":4,"turns":6},{"floor":13,"enemies":"Lots of Slimes","damage":0,"turns":1},{"floor":14,"enemies":"3 Sentries","damage":18,"turns":6},{"floor":16,"enemies":"Slime Boss","damage":33,"turns":6},{"floor":18,"enemies":"3 Byrds","damage":26,"turns":3},{"floor":20,"enemies":"2 Thieves","damage":5,"turns":3},{"floor":24,"enemies":"Slavers","damage":32,"turns":4},{"floor":25,"enemies":"Snecko","damage":12,"turns":6},{"floor":27,"enemies":"Gremlin Leader","damage":30,"turns":6},{"floor":30,"enemies":"Chosen and Byrds","damage":1,"turns":4},{"floor":33,"enemies":"Collector","damage":47,"turns":3}],"potions_obtained":[{"key":"DistilledChaos","floor":1},{"key":"Energy Potion","floor":7},{"key":"GamblersBrew","floor":12},{"key":"DuplicationPotion","floor":16},{"key":"Energy Potion","floor":18},{"key":"FocusPotion","floor":24},{"key":"PotionOfCapacity","floor":27}],"relics_obtained":[{"key":"Meat on the Bone","floor":7},{"key":"Regal Pillow","floor":9},{"key":"Bottled Flame","floor":10},{"key":"Smiling Mask","floor":12},{"key":"Mummified Hand","floor":14},{"key":"Oddly Smooth Stone","floor":24},{"key":"Ice Cream","floor":26},{"key":"Mercury Hourglass","floor":27},{"key":"Calipers","floor":31}],"campfire_choices":[{"floor":6,"key":"SMITH","data":"Dualcast"},{"floor":8,"key":"SMITH","data":"Doom and Gloom"},{"floor":15,"key":"SMITH","data":"Lockon"},{"floor":23,"key":"SMITH","data":"Fusion"},{"floor":29,"key":"SMITH","data":"Defragment"},{"floor":32,"key":"SMITH","data":"Electrodynamics"}],"circlet_count":0,"win_rate":0,"killed_by":"Collector"}