{"play_id":"aa3ece2c-3890-46c9-9762-97bd9dda8b61","build_version":"2020-01-27","seed_played":"-7325183615427487524","chose_seed":false,"seed_source_timestamp":3168381450754,"is_daily":false,"special_seed":null,"is_trial":false,"is_endless":false,"is_ascension_mode":true,"ascension_level":12,"neow_bonus":"THREE_ENEMY_KILL","neow_cost":"NONE","is_beta":false,"is_prod":false,"victory":true,"floor_reached":51,"score":1236,"timestamp":1709003067,"local_time":"02/27/2024 03:04:27","playtime":2275,"player_experience":555524,"master_deck":["AscendersBane","Strike_B","Strike_B","Defend_B+1","Defend_B","Defend_B+1","Zap","Dualcast+1","Self Repair+1","Ball Lightning","Static Discharge+1","Lockon","Glacier","Loop+1","Buffer+1","Compile Driver+1","Leap+1","Echo Form+1","Beam Cell","Defragment+1","Rip and Tear","Core Surge","Echo Form+1","Undo","Compile Driver","PanicButton","Conserve Battery","Rainbow"],"relics":["Cracked Core","NeowsBlessing","Pen Nib","Gremlin Horn","Shuriken","Nuclear Battery","Lizard Tail","PreservedInsect","Bottled Tornado","Philosopher's Stone","Anchor","Frozen Egg 2","Cables","ClockworkSouvenir"],"gold":19,"campfire_rested":1,"campfire_upgraded":8,"purchased_purges":2,"potions_floor_spawned":[1,10,14,24,28,39,41,48],"potions_floor_usage":[18,18,18,28,29,41,44,50,50],"current_hp_per_floor":[68,68,61,36,21,21,31,31,31,31,36,36,36,38,38,22,66,73,73,58,52,52,52,40,40,40,40,42,59,47,47,47,15,68,42,63,60,60,40,40,17,42,42,62,72,72,72,82,82,54],"max_hp_per_floor":[75,75,75,75,75,75,75,75,75,75,80,80,80,80,80,80,80,80,80,85,85,85,85,85,85,85,85,85,85,85,85,85,85,85,85,85,85,85,85,85,85,85,85,85,85,85,85,85,85,85],"gold_per_floor":[112,24,24,24,24,24,52,62,62,72,72,72,72,88,88,188,188,173,173,173,186,186,186,199,199,199,55,88,107,140,140,140,242,242,262,262,273,273,285,285,316,316,316,346,359,359,7,19,19,19],"path_per_floor":["M","$","?","?","?","R","E","M","T","M","?","$","R","M","R","B",null,"M","?","?","M","?","R","M","R","T","$","E","M","E","?","R","B",null,"M","?","M","?","M","R","E","R","T","E","M","?","$","M","R","B",null],"path_taken":["M","$","?","?","?","R","E","M","T","M","?","$","R","M","R","BOSS","M","?","?","M","?","R","M","R","T","$","E","M","E","?","R","BOSS","M","?","M","?","M","R","E","R","T","E","M","?","$","?","R","BOSS"],"items_purchased":["Ball Lightning","Static Discharge","Defragment","ClockworkSouvenir","CultistPotion"],"item_purchase_floors":[2,2,27,47,47],"items_purged":["Defend_B","Writhe"],"items_purged_floors":[27,47],"character_chosen":"DEFECT","card_choices":[{"picked":"Self Repair","not_picked":["Sweeping Beam","Rebound"],"floor":1},{"picked":"Lockon","not_picked":["Beam Cell","Redo"],"floor":7},{"picked":"SKIP","not_picked":["Leap","Conserve Battery","Rebound"],"floor":8},{"picked":"Glacier","not_picked":["Fusion","Barrage"],"floor":10},{"picked":"Loop","not_picked":["Cold Snap","Genetic Algorithm"],"floor":14},{"picked":"Buffer","not_picked":["Rainbow","Multi-Cast"],"floor":16},{"picked":"Compile Driver+1","not_picked":["Gash+1","Coolheaded"],"floor":18},{"picked":"Leap+1","not_picked":["Chill","Gash"],"floor":21},{"picked":"Beam Cell","not_picked":["Conserve Battery","Hologram"],"floor":24},{"picked":"SKIP","not_picked":["Hyperbeam","Rebound+1","Melter"],"floor":28},{"picked":"Rip and Tear","not_picked":["Redo","Conserve Battery"],"floor":29},{"picked":"Core Surge","not_picked":["Stack","Darkness"],"floor":30},{"picked":"Echo Form","not_picked":["Meteor Strike","Thunder Strike"],"floor":33},{"picked":"Undo","not_picked":["Go for the Eyes+1","Conserve Battery"],"floor":35},{"picked":"Compile Driver","not_picked":["Streamline","Sweeping Beam"],"floor":37},{"picked":"PanicButton","not_picked":["Forethought","Jack Of All Trades"],"floor":38},{"picked":"SKIP","not_picked":["Fission","Rebound","Gash+1"],"floor":39},{"picked":"Conserve Battery","not_picked":["Beam Cell","Loop"],"floor":41},{"picked":"Rainbow","not_picked":["Barrage","Steam"],"floor":44},{"picked":"SKIP","not_picked":["Redo","Aggregate+1","Beam Cell"],"floor":45},{"picked":"SKIP","not_picked":["Compile Driver","Stack","Coolheaded"],"floor":48}],"event_choices":[{"event_name":"Golden Wing","player_choice":"Card Removal","floor":3,"cards_obtained":null,"cards_removed":["Strike_B"],"cards_transformed":null,"cards_upgraded":null,"relics_obtained":null,"potions_obtained":null,"relics_lost":null,"damage_taken":7,"damage_healed":0,"max_hp_loss":0,"max_hp_gain":0,"gold_gain":0,"gold_loss":0},{"event_name":"Scrap Ooze","player_choice":"Success","floor":4,"cards_obtained":null,"cards_removed":null,"cards_transformed":null,"cards_upgraded":null,"relics_obtained":["Pen Nib"],"potions_obtained":null,"relics_lost":null,"damage_taken":25,"damage_healed":0,"max_hp_loss":0,"max_hp_gain":0,"gold_gain":0,"gold_loss":0},{"event_name":"Shining Light","player_choice":"Entered Light","floor":5,"cards_obtained":null,"cards_removed":null,"cards_transformed":null,"cards_upgraded":["Defend_B","Defend_B"],"relics_obtained":null,"potions_obtained":null,"relics_lost":null,"damage_taken":15,"damage_healed":0,"max_hp_loss":0,"max_hp_gain":0,"gold_gain":0,"gold_loss":0},{"event_name":"Big Fish","player_choice":"Donut","floor":11,"cards_obtained":null,"cards_removed":null,"cards_transformed":null,"cards_upgraded":null,"relics_obtained":null,"potions_obtained":null,"relics_lost":null,"damage_taken":0,"damage_healed":0,"max_hp_loss":0,"max_hp_gain":5,"gold_gain":0,"gold_loss":0},{"event_name":"Vampires","player_choice":"Ignored","floor":19,"cards_obtained":null,"cards_removed":null,"cards_transformed":null,"cards_upgraded":null,"relics_obtained":null,"potions_obtained":null,"relics_lost":null,"damage_taken":0,"damage_healed":0,"max_hp_loss":0,"max_hp_gain":0,"gold_gain":0,"gold_loss":0},{"event_name":"Forgotten Altar","player_choice":"Shed Blood","floor":20,"cards_obtained":null,"cards_removed":null,"cards_transformed":null,"cards_upgraded":null,"relics_obtained":null,"potions_obtained":null,"relics_lost":null,"damage_taken":20,"damage_healed":0,"max_hp_loss":0,"max_hp_gain":5,"gold_gain":0,"gold_loss":0},{"event_name":"The Library","player_choice":"Read","floor":22,"cards_obtained":["Echo Form"],"cards_removed":null,"cards_transformed":null,"cards_upgraded":null,"relics_obtained":null,"potions_obtained":null,"relics_lost":null,"damage_taken":0,"damage_healed":0,"max_hp_loss":0,"max_hp_gain":0,"gold_gain":0,"gold_loss":0},{"event_name":"Ghosts","player_choice":"Ignored","floor":31,"cards_obtained":null,"cards_removed":null,"cards_transformed":null,"cards_upgraded":null,"relics_obtained":null,"potions_obtained":null,"relics_lost":null,"damage_taken":0,"damage_healed":0,"max_hp_loss":0,"max_hp_gain":0,"gold_gain":0,"gold_loss":0},{"event_name":"Winding Halls","player_choice":"Writhe","floor":36,"cards_obtained":["Writhe"],"cards_removed":null,"cards_transformed":null,"cards_upgraded":null,"relics_obtained":null,"potions_obtained":null,"relics_lost":null,"damage_taken":0,"damage_healed":21,"max_hp_loss":0,"max_hp_gain":0,"gold_gain":0,"gold_loss":0},{"event_name":"SensoryStone","player_choice":"Memory 1","floor":38,"cards_obtained":null,"cards_removed":null,"cards_transformed":null,"cards_upgraded":null,"relics_obtained":null,"potions_obtained":null,"relics_lost":null,"damage_taken":0,"damage_healed":0,"max_hp_loss":0,"max_hp_gain":0,"gold_gain":0,"gold_loss":0},{"event_name":"Falling","player_choice":"Removed Attack","floor":46,"cards_obtained":null,"cards_removed":["Strike_B"],"cards_transformed":null,"cards_upgraded":null,"relics_obtained":null,"potions_obtained":null,"relics_lost":null,"damage_taken":0,"damage_healed":0,"max_hp_loss":0,"max_hp_gain":0,"gold_gain":0,"gold_loss":0}],"boss_relics":[{"picked":"Nuclear Battery","not_picked":["Fusion Hammer","Calling Bell"]},{"picked":"Philosopher's Stone","not_picked":["Snecko Eye","Velvet Choker"]}],"damage_taken":[{"floor":1,"enemies":"Jaw Worm","damage":0,"turns":1},{"floor":7,"enemies":"Gremlin Nob","damage":0,"turns":1},{"floor":8,"enemies":"2 Louse","damage":0,"turns":1},{"floor":10,"enemies":"Small Slimes","damage":0,"turns":2},{"floor":14,"enemies":"Blue Slaver","damage":8,"turns":2},{"floor":16,"enemies":"Hexaghost","damage":26,"turns":5},{"floor":18,"enemies":"2 Thieves","damage":3,"turns":4},{"floor":21,"enemies":"Chosen","damage":16,"turns":4},{"floor":24,"enemies":"Sentry and Sphere","damage":22,"turns":6},{"floor":28,"enemies":"Slavers","damage":51,"turns":5},{"floor":29,"enemies":"Snecko","damage":3,"turns":5},{"floor":30,"enemies":"Gremlin Leader","damage":22,"turns":6},{"floor":33,"enemies":"Automaton","damage":42,"turns":12},{"floor":35,"enemies":"3 Shapes","damage":46,"turns":5},{"floor":37,"enemies":"Orb Walker","damage":3,"turns":4},{"floor":39,"enemies":"Writhing Mass","damage":30,"turns":5},{"floor":41,"enemies":"Giant Head","damage":33,"turns":7},{"floor":44,"enemies":"Nemesis","damage":0,"turns":7},{"floor":45,"enemies":"Maw","damage":0,"turns":5},{"floor":48,"enemies":"Transient","damage":0,"turns":5},{"floor":50,"enemies":"Time Eater","damage":38,"turns":10}],"potions_obtained":[{"key":"EntropicBrew","floor":1},{"key":"LiquidBronze","floor":10},{"key":"FearPotion","floor":24},{"key":"SkillPotion","floor":28},{"key":"ColorlessPotion","floor":39},{"key":"Block Potion","floor":41}],"relics_obtained":[{"key":"Gremlin Horn","floor":7},{"key":"Shuriken","floor":9},{"key":"Lizard Tail","floor":26},{"key":"PreservedInsect","floor":28},{"key":"Bottled Tornado","floor":30},{"key":"Anchor","floor":41},{"key":"Frozen Egg 2","floor":43},{"key":"Cables","floor":44}],"campfire_choices":[{"floor":6,"key":"SMITH","data":"Self Repair"},{"floor":13,"key":"SMITH","data":"Static Discharge"},{"floor":15,"key":"SMITH","data":"Loop"},{"floor":23,"key":"SMITH","data":"Buffer"},{"floor":25,"key":"SMITH","data":"Dualcast"},{"floor":32,"key":"SMITH","data":"Defragment"},{"floor":40,"key":"SMITH","data":"Echo Form"},{"floor":42,"key":"REST"},{"floor":49,"key":"SMITH","data":"Echo Form"}],"circlet_count":0,"win_rate":0,"killed_by":null}