{"play_id":"72827c41-b6c0-4e62-b9c2-a1c5f5d9f149","build_version":"2020-01-27","seed_played":"3768800585523165920","chose_seed":false,"seed_source_timestamp":981583059675,"is_daily":false,"special_seed":null,"is_trial":false,"is_endless":false,"is_ascension_mode":true,"ascension_level":14,"neow_bonus":"THREE_ENEMY_KILL","neow_cost":"NONE","is_beta":false,"is_prod":false,"victory":false,"floor_reached":33,"score":498,"timestamp":1723873667,"local_time":"08/17/2024 05:47:47","playtime":1273,"player_experience":658507,"master_deck":["AscendersBane","Strike_B","Defend_B","Defend_B","Defend_B","Zap+1","Dualcast","Undo","Cold Snap","Gash","Beam Cell","Ball Lightning","Chaos+1","Undo","Gash","Thunder Strike","Capacitor","Doom and Gloom","Ball Lightning","Doom and Gloom","Stack","Ball Lightning","Decay","Leap+1"],"relics":["FrozenCore","NeowsBlessing","Smiling Mask","Singing Bowl","Potion Belt","Bag of Preparation","MawBank","Lantern","Membership Card","White Beast Statue","Shovel","Matryoshka","Vajra","Tiny Chest"],"gold":212,"campfire_rested":2,"campfire_upgraded":1,"purchased_purges":2,"potions_floor_spawned":[1,5,11,16,21,23,27,28,31],"potions_floor_usage":[6,8,14,23,27,28,33,33],"current_hp_per_floor":[64,64,64,64,64,51,51,36,36,36,14,35,28,14,14,5,56,35,35,35,26,26,11,11,11,11,6,7,7,32,15,38,0],"max_hp_per_floor":[71,71,71,71,71,71,71,71,71,71,73,73,73,73,73,73,73,73,73,73,73,73,73,73,73,73,75,77,77,77,77,77,77],"gold_per_floor":[109,62,62,73,92,117,19,47,47,72,97,109,140,187,199,282,294,316,328,1,15,15,48,147,147,174,185,195,195,195,212,212,212],"path_per_floor":["M","$","?","M","M","E","$","E","T","T","E","R","M","E","R","B",null,"M","?","$","M","?","E","?","R","T","M","M","?","?","M","R","B"],"path_taken":["M","$","?","?","M","E","$","E","T","?","E","R","?","E","R","BOSS","M","?","$","M","?","E","?","R","T","?","M","?","?","M","R","BOSS"],"items_purchased":["Cold Snap","Dexterity Potion","Membership Card","White Beast Statue","Doom and Gloom"],"item_purchase_floors":[2,7,20,20,20],"items_purged":["Strike_B","Strike_B"],"items_purged_floors":[7,20],"character_chosen":"DEFECT","card_choices":[{"picked":"Undo","not_picked":["Loop","Barrage"],"floor":1},{"picked":"Gash","not_picked":["Skim","FTL"],"floor":4},{"picked":"Beam Cell","not_picked":["Rebound","Heatsinks"],"floor":5},{"picked":"Ball Lightning","not_picked":["Rebound","Hologram"],"floor":6},{"picked":"Chaos","not_picked":["Chill","Sweeping Beam"],"floor":8},{"picked":"Singing Bowl","not_picked":["Rip and Tear","Biased Cognition","Compile Driver"],"floor":11},{"picked":"Undo","not_picked":["Turbo","Redo"],"floor":13},{"picked":"Gash","not_picked":["Reinforced Body","Rebound"],"floor":14},{"picked":"Thunder Strike","not_picked":["Fission","Meteor Strike"],"floor":16},{"picked":"Capacitor","not_picked":["Undo","Rip and Tear"],"floor":18},{"picked":"Ball Lightning","not_picked":["Coolheaded","Beam Cell"],"floor":21},{"picked":"Ball Lightning","not_picked":["Capacitor","Leap"],"floor":23},{"picked":"Singing Bowl","not_picked":["Barrage+1","White Noise","Streamline"],"floor":27},{"picked":"Singing Bowl","not_picked":["Recycle","Seek","Sweeping Beam"],"floor":28},{"picked":"Leap+1","not_picked":["Beam Cell","Consume"],"floor":31}],"event_choices":[{"event_name":"Upgrade Shrine","player_choice":"Upgraded","floor":3,"cards_obtained":null,"cards_removed":null,"cards_transformed":null,"cards_upgraded":["Zap"],"relics_obtained":null,"potions_obtained":null,"relics_lost":null,"damage_taken":0,"damage_healed":0,"max_hp_loss":0,"max_hp_gain":0,"gold_gain":0,"gold_loss":0},{"event_name":"Vampires","player_choice":"Ignored","floor":19,"cards_obtained":null,"cards_removed":null,"cards_transformed":null,"cards_upgraded":null,"relics_obtained":null,"potions_obtained":null,"relics_lost":null,"damage_taken":0,"damage_healed":0,"max_hp_loss":0,"max_hp_gain":0,"gold_gain":0,"gold_loss":0},{"event_name":"Drug Dealer","player_choice":"Became Test Subject","floor":22,"cards_obtained":["Doom and Gloom","Stack"],"cards_removed":null,"cards_transformed":["Strike_B","Defend_B"],"cards_upgraded":null,"relics_obtained":null,"potions_obtained":null,"relics_lost":null,"damage_taken":0,"damage_healed":0,"max_hp_loss":0,"max_hp_gain":0,"gold_gain":0,"gold_loss":0},{"event_name":"Nest","player_choice":"Stole From Cult","floor":24,"cards_obtained":null,"cards_removed":null,"cards_transformed":null,"cards_upgraded":null,"relics_obtained":null,"potions_obtained":null,"relics_lost":null,"damage_taken":0,"damage_healed":0,"max_hp_loss":0,"max_hp_gain":0,"gold_gain":99,"gold_loss":0},{"event_name":"Forgotten Altar","player_choice":"Smashed Altar","floor":29,"cards_obtained":["Decay"],"cards_removed":null,"cards_transformed":null,"cards_upgraded":null,"relics_obtained":null,"potions_obtained":null,"relics_lost":null,"damage_taken":0,"damage_healed":0,"max_hp_loss":0,"max_hp_gain":0,"gold_gain":0,"gold_loss":0},{"event_name":"The Library","player_choice":"Heal","floor":30,"cards_obtained":null,"cards_removed":null,"cards_transformed":null,"cards_upgraded":null,"relics_obtained":null,"potions_obtained":null,"relics_lost":null,"damage_taken":0,"damage_healed":25,"max_hp_loss":0,"max_hp_gain":0,"gold_gain":0,"gold_loss":0}],"boss_relics":[{"picked":"FrozenCore","not_picked":["Runic Pyramid","Velvet Choker"]}],"damage_taken":[{"floor":1,"enemies":"Cultist","damage":0,"turns":1},{"floor":4,"enemies":"Small Slimes","damage":0,"turns":1},{"floor":5,"enemies":"2 Louse","damage":0,"turns":1},{"floor":6,"enemies":"3 Sentries","damage":13,"turns":8},{"floor":8,"enemies":"Lagavulin","damage":15,"turns":8},{"floor":11,"enemies":"3 Sentries","damage":24,"turns":8},{"floor":13,"enemies":"Blue Slaver","damage":7,"turns":3},{"floor":14,"enemies":"Gremlin Nob","damage":14,"turns":3},{"floor":16,"enemies":"Slime Boss","damage":50,"turns":11},{"floor":18,"enemies":"3 Byrds","damage":21,"turns":7},{"floor":21,"enemies":"Chosen","damage":9,"turns":5},{"floor":23,"enemies":"Gremlin Leader","damage":15,"turns":7},{"floor":27,"enemies":"Snecko","damage":7,"turns":5},{"floor":28,"enemies":"Centurion and Healer","damage":1,"turns":6},{"floor":31,"enemies":"3 Cultists","damage":17,"turns":5},{"floor":33,"enemies":"Collector","damage":38,"turns":3}],"potions_obtained":[{"key":"FocusPotion","floor":1},{"key":"FairyPotion","floor":5},{"key":"LiquidMemories","floor":11},{"key":"Dexterity Potion","floor":16},{"key":"Block Potion","floor":21},{"key":"PowerPotion","floor":23},{"key":"Dexterity Potion","floor":27},{"key":"SteroidPotion","floor":28},{"key":"ColorlessPotion","floor":31}],"relics_obtained":[{"key":"Smiling Mask","floor":6},{"key":"Singing Bowl","floor":8},{"key":"Potion Belt","floor":9},{"key":"Bag of Preparation","floor":10},{"key":"MawBank","floor":11},{"key":"Lantern","floor":14},{"key":"Shovel","floor":23},{"key":"Matryoshka","floor":25},{"key":"Vajra","floor":26},{"key":"Tiny Chest","floor":26}],"campfire_choices":[{"floor":12,"key":"REST"},{"floor":15,"key":"SMITH","data":"Chaos"},{"floor":25,"key":"DIG"},{"floor":32,"key":"REST"}],"circlet_count":0,"win_rate":0,"killed_by":"Collector"}