{"play_id":"d8e427ab-3f7e-4c4e-ba00-255bc5ec1187","build_version":"2020-01-27","seed_played":"9099788482206246470","chose_seed":false,"seed_source_timestamp":0,"is_daily":false,"special_seed":0,"is_trial":false,"is_endless":false,"is_ascension_mode":true,"ascension_level":9,"neow_bonus":"BOSS_RELIC","neow_cost":"NONE","is_beta":false,"is_prod":false,"victory":false,"floor_reached":46,"score":837,"timestamp":1699808520,"local_time":"11/12/2023 17:02:00","playtime":2412,"player_experience":336354,"master_deck":["Strike_G","Strike_G","Strike_G","Defend_G+1","Defend_G+1","Defend_G","Survivor+1","Neutralize+1","PiercingWail+1","Blur+1","Envenom+1","Slice","Endless Agony+1","Adrenaline+1","Bane+1","Dagger Spray+1","Backflip+1","PiercingWail","Envenom+1","Blade Dance","Blade Dance+1"],"relics":["Runic Pyramid","Snake Skull","Golden Idol","Pear","Orichalcum","Lee's Waffle","Busted Crown","War Paint","Toy Ornithopter","StrikeDummy","Empty Cage","Turnip","Thread and Needle","Strange Spoon","Bottled Flame","Boot"],"gold":79,"campfire_rested":1,"campfire_upgraded":7,"purchased_purges":2,"potions_floor_spawned":[7,8,12,14,16,18,27,29,31,35,38,41],"potions_floor_usage":[37,38,45,46,46],"current_hp_per_floor":[61,61,44,44,40,40,24,24,24,24,87,87,70,72,72,72,87,85,85,67,67,67,67,56,56,56,61,61,66,63,59,59,53,86,86,86,85,2,2,31,31,31,31,31,17,0],"max_hp_per_floor":[70,70,70,70,70,70,80,80,80,80,87,87,87,92,92,92,92,92,92,97,97,97,97,97,97,97,97,97,97,97,97,97,97,97,97,97,97,97,97,97,97,97,97,97,97,97],"gold_per_floor":[110,158,158,158,178,178,214,230,230,230,12,31,31,49,49,179,179,204,204,204,204,204,204,242,242,242,257,257,272,288,312,312,433,433,454,477,491,557,7,7,41,41,65,65,79,79],"path_per_floor":["M","T","?","?","M","R","E","M","T","R","$","M","?","M","R","B","ul","M","?","?","?","?","R","E","?","T","M","R","M","M","M","R","B",null,"M","M","M","?","$","R","E","R","T","?","M","M"],"path_taken":["M","?","?","?","M","R","E","?","T","R","?","M","?","M","R","BOSS","M","?","?","?","?","R","E","?","T","M","R","M","?","M","R","BOSS","M","?","?","?","$","R","E","R","T","?","M","?"],"items_purchased":["Lee's Waffle","Thread and Needle","Strange Spoon"],"item_purchase_floors":[11,39,39],"items_purged":["Strike_G","Defend_G"],"items_purged_floors":[11,39],"character_chosen":"THE_SILENT","card_choices":[{"picked":"PiercingWail","not_picked":["Backflip","Expertise"],"floor":1},{"picked":"Blur","not_picked":["PiercingWail","Dagger Throw"],"floor":5},{"picked":"Envenom","not_picked":["Expertise","Finisher"],"floor":7},{"picked":"Slice","not_picked":["Footwork","Blur"],"floor":8},{"picked":"Endless Agony","not_picked":["Dagger Throw","Outmaneuver"],"floor":12},{"picked":"SKIP","not_picked":["Masterful Stab","Underhanded Strike","Expertise"],"floor":14},{"picked":"Adrenaline","not_picked":["Malaise","Envenom"],"floor":16},{"picked":"SKIP","not_picked":["Quick Slash"],"floor":18},{"picked":"Dagger Spray+1","not_picked":[],"floor":24},{"picked":"Backflip+1","not_picked":[],"floor":27},{"picked":"PiercingWail","not_picked":[],"floor":29},{"picked":"SKIP","not_picked":["Quick Slash"],"floor":30},{"picked":"SKIP","not_picked":["Deflect"],"floor":31},{"picked":"Envenom","not_picked":[],"floor":33},{"picked":"SKIP","not_picked":["Prepared+1"],"floor":35},{"picked":"Blade Dance","not_picked":[],"floor":36},{"picked":"SKIP","not_picked":["Prepared+1"],"floor":37},{"picked":"SKIP","not_picked":["Grand Finale"],"floor":41},{"picked":"Blade Dance+1","not_picked":[],"floor":45}],"event_choices":[{"event_name":"Golden Idol","player_choice":"Take Damage","floor":3,"cards_obtained":null,"cards_removed":null,"cards_transformed":null,"cards_upgraded":null,"relics_obtained":["Golden Idol"],"potions_obtained":null,"relics_lost":null,"damage_taken":17,"damage_healed":0,"max_hp_loss":0,"max_hp_gain":0,"gold_gain":0,"gold_loss":0},{"event_name":"Living Wall","player_choice":"Forget","floor":4,"cards_obtained":null,"cards_removed":["Defend_G"],"cards_transformed":null,"cards_upgraded":null,"relics_obtained":null,"potions_obtained":null,"relics_lost":null,"damage_taken":0,"damage_healed":0,"max_hp_loss":0,"max_hp_gain":0,"gold_gain":0,"gold_loss":0},{"event_name":"Shining Light","player_choice":"Entered Light","floor":13,"cards_obtained":null,"cards_removed":null,"cards_transformed":null,"cards_upgraded":["Defend_G","Defend_G"],"relics_obtained":null,"potions_obtained":null,"relics_lost":null,"damage_taken":17,"damage_healed":0,"max_hp_loss":0,"max_hp_gain":0,"gold_gain":0,"gold_loss":0},{"event_name":"The Mausoleum","player_choice":"Opened","floor":19,"cards_obtained":["Writhe"],"cards_removed":null,"cards_transformed":null,"cards_upgraded":null,"relics_obtained":["War Paint"],"potions_obtained":null,"relics_lost":null,"damage_taken":0,"damage_healed":0,"max_hp_loss":0,"max_hp_gain":0,"gold_gain":0,"gold_loss":0},{"event_name":"Forgotten Altar","player_choice":"Shed Blood","floor":20,"cards_obtained":null,"cards_removed":null,"cards_transformed":null,"cards_upgraded":null,"relics_obtained":null,"potions_obtained":null,"relics_lost":null,"damage_taken":23,"damage_healed":0,"max_hp_loss":0,"max_hp_gain":5,"gold_gain":0,"gold_loss":0},{"event_name":"The Library","player_choice":"Read","floor":21,"cards_obtained":["Bane"],"cards_removed":null,"cards_transformed":null,"cards_upgraded":null,"relics_obtained":null,"potions_obtained":null,"relics_lost":null,"damage_taken":0,"damage_healed":0,"max_hp_loss":0,"max_hp_gain":0,"gold_gain":0,"gold_loss":0},{"event_name":"Cursed Tome","player_choice":"Ignored","floor":22,"cards_obtained":null,"cards_removed":null,"cards_transformed":null,"cards_upgraded":null,"relics_obtained":null,"potions_obtained":null,"relics_lost":null,"damage_taken":0,"damage_healed":0,"max_hp_loss":0,"max_hp_gain":0,"gold_gain":0,"gold_loss":0},{"event_name":"Vampires","player_choice":"Ignored","floor":25,"cards_obtained":null,"cards_removed":null,"cards_transformed":null,"cards_upgraded":null,"relics_obtained":null,"potions_obtained":null,"relics_lost":null,"damage_taken":0,"damage_healed":0,"max_hp_loss":0,"max_hp_gain":0,"gold_gain":0,"gold_loss":0},{"event_name":"Mysterious Sphere","player_choice":"Fight","floor":38,"cards_obtained":null,"cards_removed":null,"cards_transformed":null,"cards_upgraded":null,"relics_obtained":null,"potions_obtained":null,"relics_lost":null,"damage_taken":0,"damage_healed":0,"max_hp_loss":0,"max_hp_gain":0,"gold_gain":0,"gold_loss":0},{"event_name":"SecretPortal","player_choice":"Ignored","floor":44,"cards_obtained":null,"cards_removed":null,"cards_transformed":null,"cards_upgraded":null,"relics_obtained":null,"potions_obtained":null,"relics_lost":null,"damage_taken":0,"damage_healed":0,"max_hp_loss":0,"max_hp_gain":0,"gold_gain":0,"gold_loss":0}],"boss_relics":[{"picked":"Busted Crown","not_picked":["Coffee Dripper","Sozu"]},{"picked":"Empty Cage","not_picked":["Calling Bell","Philosopher's Stone"]}],"damage_taken":[{"floor":1,"enemies":"Cultist","damage":2,"turns":4},{"floor":5,"enemies":"Jaw Worm","damage":4,"turns":4},{"floor":7,"enemies":"3 Sentries","damage":26,"turns":18},{"floor":8,"enemies":"Small Slimes","damage":0,"turns":4},{"floor":12,"enemies":"Blue Slaver","damage":0,"turns":4},{"floor":14,"enemies":"Large Slime","damage":3,"turns":6},{"floor":16,"enemies":"The Guardian","damage":0,"turns":9},{"floor":18,"enemies":"2 Thieves","damage":2,"turns":5},{"floor":24,"enemies":"Slavers","damage":11,"turns":8},{"floor":27,"enemies":"3 Byrds","damage":0,"turns":3},{"floor":29,"enemies":"Centurion and Healer","damage":0,"turns":4},{"floor":30,"enemies":"3 Cultists","damage":3,"turns":5},{"floor":31,"enemies":"Snecko","damage":4,"turns":6},{"floor":33,"enemies":"Automaton","damage":6,"turns":10},{"floor":35,"enemies":"Orb Walker","damage":0,"turns":4},{"floor":36,"enemies":"3 Darklings","damage":0,"turns":4},{"floor":37,"enemies":"Maw","damage":6,"turns":6},{"floor":38,"enemies":"2 Orb Walkers","damage":88,"turns":8},{"floor":41,"enemies":"Nemesis","damage":0,"turns":5},{"floor":45,"enemies":"Spire Growth","damage":19,"turns":5},{"floor":46,"enemies":"Sphere and 2 Shapes","damage":28,"turns":4}],"potions_obtained":[{"key":"DistilledChaos","floor":7},{"key":"LiquidBronze","floor":8},{"key":"Fruit Juice","floor":12},{"key":"Explosive Potion","floor":14},{"key":"EssenceOfSteel","floor":16},{"key":"SkillPotion","floor":18},{"key":"Poison Potion","floor":27},{"key":"GhostInAJar","floor":29},{"key":"FearPotion","floor":31},{"key":"SneckoOil","floor":35},{"key":"Fire Potion","floor":38},{"key":"SpeedPotion","floor":41}],"relics_obtained":[{"key":"Snake Skull","floor":2},{"key":"Pear","floor":7},{"key":"Orichalcum","floor":9},{"key":"Toy Ornithopter","floor":24},{"key":"StrikeDummy","floor":26},{"key":"Turnip","floor":38},{"key":"Bottled Flame","floor":41},{"key":"Boot","floor":43}],"campfire_choices":[{"floor":6,"key":"SMITH","data":"Blur"},{"floor":10,"key":"SMITH","data":"Envenom"},{"floor":15,"key":"SMITH","data":"Endless Agony"},{"floor":23,"key":"SMITH","data":"Adrenaline"},{"floor":28,"key":"SMITH","data":"Bane"},{"floor":32,"key":"SMITH","data":"Neutralize"},{"floor":40,"key":"REST"},{"floor":42,"key":"SMITH","data":"Envenom"}],"circlet_count":0,"win_rate":0,"killed_by":"Sphere and 2 Shapes"}