{"play_id":"4abd87a7-bd2d-469e-8768-2b5df315a081","build_version":"2020-01-27","seed_played":"1207448635893545001","chose_seed":false,"seed_source_timestamp":1691889746740,"is_daily":false,"special_seed":null,"is_trial":false,"is_endless":false,"is_ascension_mode":true,"ascension_level":9,"neow_bonus":"ONE_RARE_RELIC","neow_cost":"CURSE","is_beta":false,"is_prod":false,"victory":false,"floor_reached":37,"score":755,"timestamp":1699928663,"local_time":"11/14/2023 02:24:23","playtime":1946,"player_experience":344560,"master_deck":["Strike_G","Strike_G","Strike_G","Strike_G","Defend_G","Defend_G","Defend_G","Defend_G","Survivor","Neutralize","Injury","Noxious Fumes+1","Noxious Fumes","Slice","Sucker Punch","Slice","Deadly Poison","PiercingWail","Leg Sweep+1","Corpse Explosion","Envenom","Setup+1","Footwork+1","Die Die Die","Distraction+1","Acrobatics","Predator","Burst","Reflex+1"],"relics":["Ring of the Snake","Incense Burner","Snake Skull","Sundial","Paper Crane","SlaversCollar","Dead Branch","Peace Pipe","Happy Flower","Anchor","Torii","Black Star"],"gold":201,"campfire_rested":3,"campfire_upgraded":2,"purchased_purges":2,"potions_floor_spawned":[4,12,16,19,30,33],"potions_floor_usage":[4,4,8,11,14,23,27,29,36,37],"current_hp_per_floor":[48,48,48,53,53,30,30,30,30,23,17,15,37,34,34,34,65,62,62,62,62,48,23,47,47,47,20,20,4,3,3,27,27,67,48,23,0],"max_hp_per_floor":[70,70,70,75,75,75,75,75,75,75,75,75,75,75,75,75,75,75,75,75,75,80,80,80,80,80,80,80,80,80,80,80,80,80,80,80,80],"gold_per_floor":[118,24,24,44,44,71,71,88,158,177,196,227,227,238,238,338,338,357,374,374,299,299,334,334,609,609,634,19,29,48,66,66,169,169,187,201,201],"path_per_floor":["M","$","?","M","$","E","R","M","T","M","M","E","R","M","R","B",null,"M","M","?","$","?","E","R","?","T","E","$","M","M","M","R","B",null,"M","M","M"],"path_taken":["M","$","?","?","?","E","R","M","T","M","M","E","R","M","R","BOSS","M","M","?","$","?","E","R","?","T","E","$","M","M","?","R","BOSS","M","?","?"],"items_purchased":["Noxious Fumes","Slice","Anchor","Torii","SkillPotion","Acrobatics"],"item_purchase_floors":[2,2,28,28,28,28],"items_purged":["Defend_G","Regret"],"items_purged_floors":[21,28],"character_chosen":"THE_SILENT","card_choices":[{"picked":"Noxious Fumes","not_picked":["Leg Sweep","Concentrate"],"floor":1},{"picked":"Sucker Punch","not_picked":["Expertise","Acrobatics"],"floor":4},{"picked":"Slice","not_picked":["Caltrops","A Thousand Cuts"],"floor":6},{"picked":"Deadly Poison","not_picked":["Bane","Sucker Punch"],"floor":8},{"picked":"PiercingWail","not_picked":["Sucker Punch","Flying Knee"],"floor":10},{"picked":"SKIP","not_picked":["Dagger Spray","Dagger Throw","Acrobatics"],"floor":11},{"picked":"Leg Sweep","not_picked":["Terror","Choke"],"floor":12},{"picked":"Corpse Explosion","not_picked":["Sucker Punch","Crippling Poison"],"floor":14},{"picked":"Envenom","not_picked":["Wraith Form v2","Adrenaline"],"floor":16},{"picked":"Setup+1","not_picked":["Caltrops","Deadly Poison+1"],"floor":18},{"picked":"Footwork+1","not_picked":["Quick Slash+1","Slice"],"floor":19},{"picked":"Die Die Die","not_picked":["Masterful Stab+1","Setup"],"floor":23},{"picked":"Distraction+1","not_picked":["Bane","Blade Dance+1"],"floor":27},{"picked":"SKIP","not_picked":["PiercingWail","Dagger Spray+1","Quick Slash"],"floor":29},{"picked":"Predator","not_picked":["Flying Knee","Quick Slash+1"],"floor":30},{"picked":"SKIP","not_picked":["Quick Slash+1","Acrobatics","Dash"],"floor":31},{"picked":"Burst","not_picked":["Phantasmal Killer","Unload"],"floor":33},{"picked":"Reflex+1","not_picked":["All Out Attack+1","Noxious Fumes"],"floor":35},{"picked":"SKIP","not_picked":["Terror","Dagger Spray","Noxious Fumes"],"floor":36}],"event_choices":[{"event_name":"Lab","player_choice":"Got Potions","floor":3,"cards_obtained":null,"cards_removed":null,"cards_transformed":null,"cards_upgraded":null,"relics_obtained":null,"potions_obtained":null,"relics_lost":null,"damage_taken":0,"damage_healed":0,"max_hp_loss":0,"max_hp_gain":0,"gold_gain":0,"gold_loss":0},{"event_name":"Back to Basics","player_choice":"Elegance","floor":20,"cards_obtained":null,"cards_removed":["Strike_G"],"cards_transformed":null,"cards_upgraded":null,"relics_obtained":null,"potions_obtained":null,"relics_lost":null,"damage_taken":0,"damage_healed":0,"max_hp_loss":0,"max_hp_gain":0,"gold_gain":0,"gold_loss":0},{"event_name":"Forgotten Altar","player_choice":"Shed Blood","floor":22,"cards_obtained":null,"cards_removed":null,"cards_transformed":null,"cards_upgraded":null,"relics_obtained":null,"potions_obtained":null,"relics_lost":null,"damage_taken":19,"damage_healed":0,"max_hp_loss":0,"max_hp_gain":5,"gold_gain":0,"gold_loss":0},{"event_name":"Golden Shrine","player_choice":"Desecrate","floor":25,"cards_obtained":["Regret"],"cards_removed":null,"cards_transformed":null,"cards_upgraded":null,"relics_obtained":null,"potions_obtained":null,"relics_lost":null,"damage_taken":0,"damage_healed":0,"max_hp_loss":0,"max_hp_gain":0,"gold_gain":275,"gold_loss":0}],"boss_relics":[{"picked":"SlaversCollar","not_picked":["HoveringKite","Ring of the Serpent"]},{"picked":"Black Star","not_picked":["Coffee Dripper","Busted Crown"]}],"damage_taken":[{"floor":1,"enemies":"Jaw Worm","damage":15,"turns":6},{"floor":4,"enemies":"Cultist","damage":0,"turns":3},{"floor":6,"enemies":"Lagavulin","damage":23,"turns":8},{"floor":8,"enemies":"Small Slimes","damage":0,"turns":3},{"floor":10,"enemies":"Exordium Wildlife","damage":7,"turns":3},{"floor":11,"enemies":"2 Fungi Beasts","damage":6,"turns":5},{"floor":12,"enemies":"3 Sentries","damage":2,"turns":6},{"floor":14,"enemies":"Lots of Slimes","damage":3,"turns":3},{"floor":16,"enemies":"Hexaghost","damage":0,"turns":8},{"floor":18,"enemies":"Spheric Guardian","damage":3,"turns":5},{"floor":19,"enemies":"3 Byrds","damage":0,"turns":3},{"floor":23,"enemies":"Book of Stabbing","damage":25,"turns":7},{"floor":27,"enemies":"Gremlin Leader","damage":27,"turns":7},{"floor":29,"enemies":"Snake Plant","damage":16,"turns":4},{"floor":30,"enemies":"Cultist and Chosen","damage":1,"turns":8},{"floor":31,"enemies":"3 Cultists","damage":0,"turns":3},{"floor":33,"enemies":"Automaton","damage":0,"turns":7},{"floor":35,"enemies":"Orb Walker","damage":19,"turns":5},{"floor":36,"enemies":"3 Shapes","damage":25,"turns":4},{"floor":37,"enemies":"Jaw Worm Horde","damage":29,"turns":2}],"potions_obtained":[{"key":"Swift Potion","floor":3},{"key":"Fruit Juice","floor":3},{"key":"EssenceOfSteel","floor":3},{"key":"Weak Potion","floor":4},{"key":"Fire Potion","floor":12},{"key":"SteroidPotion","floor":16},{"key":"Poison Potion","floor":19},{"key":"BlessingOfTheForge","floor":30},{"key":"EssenceOfSteel","floor":33}],"relics_obtained":[{"key":"Snake Skull","floor":6},{"key":"Sundial","floor":9},{"key":"Paper Crane","floor":12},{"key":"Dead Branch","floor":23},{"key":"Peace Pipe","floor":26},{"key":"Happy Flower","floor":27}],"campfire_choices":[{"floor":7,"key":"SMITH","data":"Noxious Fumes"},{"floor":13,"key":"REST"},{"floor":15,"key":"SMITH","data":"Leg Sweep"},{"floor":24,"key":"REST"},{"floor":32,"key":"REST"}],"circlet_count":0,"win_rate":0,"killed_by":"Jaw Worm Horde"}