{"play_id":"03f27bec-7c81-4b2c-a359-3ade0fe1827e","build_version":"2020-01-27","seed_played":"-8271216967050807879","chose_seed":false,"seed_source_timestamp":1669652471953,"is_daily":false,"special_seed":null,"is_trial":false,"is_endless":false,"is_ascension_mode":true,"ascension_level":9,"neow_bonus":"BOSS_RELIC","neow_cost":"NONE","is_beta":false,"is_prod":false,"victory":false,"floor_reached":16,"score":207,"timestamp":1699924755,"local_time":"11/14/2023 01:19:15","playtime":648,"player_experience":342493,"master_deck":["Strike_G","Strike_G","Strike_G","Strike_G","Defend_G","Defend_G+1","Defend_G","Defend_G","Defend_G","Survivor+1","Neutralize","CurseOfTheBell","Flying Knee+1","Phantasmal Killer+1","Bane+1","Terror","Footwork","Deadly Poison+1"],"relics":["Calling Bell","Vajra","Molten Egg 2","TungstenRod","Pen Nib","Regal Pillow","Bottled Flame","War Paint","Dream Catcher"],"gold":24,"campfire_rested":0,"campfire_upgraded":2,"purchased_purges":1,"potions_floor_spawned":[1,10,12],"potions_floor_usage":[6,10,10,12,14,16],"current_hp_per_floor":[60,65,55,55,55,29,29,29,29,29,29,7,7,7,7,0],"max_hp_per_floor":[70,75,75,75,75,75,75,75,75,75,75,75,75,75,75,75],"gold_per_floor":[112,112,187,187,205,230,230,230,230,258,277,303,24,24,24,24],"path_per_floor":["M","?","?","?","M","E","R","?","T","E","M","E","$","M","R","B"],"path_taken":["M","?","?","?","?","E","R","?","T","E","M","E","?","M","R","BOSS"],"items_purchased":["Terror","Footwork","Deadly Poison"],"item_purchase_floors":[13,13,13],"items_purged":["Strike_G"],"items_purged_floors":[13],"character_chosen":"THE_SILENT","card_choices":[{"picked":"Bane+1","not_picked":["Dagger Spray+1","Acrobatics"],"floor":1},{"picked":"Flying Knee+1","not_picked":["Heel Hook+1","Deadly Poison"],"floor":5},{"picked":"Phantasmal Killer","not_picked":["Catalyst","Dagger Throw+1"],"floor":6},{"picked":"Bane+1","not_picked":["Endless Agony+1","Heel Hook+1"],"floor":10},{"picked":"SKIP","not_picked":["Deadly Poison","Underhanded Strike+1","Quick Slash+1"],"floor":11},{"picked":"SKIP","not_picked":["Blade Dance","Dagger Throw+1","Flechettes+1"],"floor":12}],"event_choices":[{"event_name":"Big Fish","player_choice":"Donut","floor":2,"cards_obtained":null,"cards_removed":null,"cards_transformed":null,"cards_upgraded":null,"relics_obtained":null,"potions_obtained":null,"relics_lost":null,"damage_taken":0,"damage_healed":0,"max_hp_loss":0,"max_hp_gain":5,"gold_gain":0,"gold_loss":0},{"event_name":"World of Goop","player_choice":"Gather Gold","floor":3,"cards_obtained":null,"cards_removed":null,"cards_transformed":null,"cards_upgraded":null,"relics_obtained":null,"potions_obtained":null,"relics_lost":null,"damage_taken":11,"damage_healed":0,"max_hp_loss":0,"max_hp_gain":0,"gold_gain":75,"gold_loss":0},{"event_name":"WeMeetAgain","player_choice":"Gave Card","floor":4,"cards_obtained":null,"cards_removed":["Bane"],"cards_transformed":null,"cards_upgraded":null,"relics_obtained":["Pen Nib"],"potions_obtained":null,"relics_lost":null,"damage_taken":0,"damage_healed":0,"max_hp_loss":0,"max_hp_gain":0,"gold_gain":0,"gold_loss":0},{"event_name":"Lab","player_choice":"Got Potions","floor":8,"cards_obtained":null,"cards_removed":null,"cards_transformed":null,"cards_upgraded":null,"relics_obtained":null,"potions_obtained":null,"relics_lost":null,"damage_taken":0,"damage_healed":0,"max_hp_loss":0,"max_hp_gain":0,"gold_gain":0,"gold_loss":0}],"boss_relics":[],"damage_taken":[{"floor":1,"enemies":"Small Slimes","damage":3,"turns":4},{"floor":5,"enemies":"Cultist","damage":0,"turns":4},{"floor":6,"enemies":"Gremlin Nob","damage":26,"turns":4},{"floor":10,"enemies":"3 Sentries","damage":0,"turns":8},{"floor":11,"enemies":"2 Louse","damage":0,"turns":2},{"floor":12,"enemies":"Gremlin Nob","damage":22,"turns":4},{"floor":14,"enemies":"Lots of Slimes","damage":0,"turns":1},{"floor":16,"enemies":"Slime Boss","damage":15,"turns":6}],"potions_obtained":[{"key":"Poison Potion","floor":1},{"key":"Block Potion","floor":8},{"key":"SmokeBomb","floor":8},{"key":"CunningPotion","floor":8},{"key":"Weak Potion","floor":10},{"key":"Poison Potion","floor":12}],"relics_obtained":[{"key":"Vajra","floor":0},{"key":"Molten Egg 2","floor":0},{"key":"TungstenRod","floor":0},{"key":"Regal Pillow","floor":6},{"key":"Bottled Flame","floor":9},{"key":"War Paint","floor":10},{"key":"Dream Catcher","floor":12}],"campfire_choices":[{"floor":7,"key":"SMITH","data":"Phantasmal Killer"},{"floor":15,"key":"SMITH","data":"Deadly Poison"}],"circlet_count":0,"win_rate":0,"killed_by":"Slime Boss"}