{"play_id":"9ea54fcb-a05d-4a4f-9a65-da51afac4da5","build_version":"2020-01-27","seed_played":"-5770273598627686840","chose_seed":false,"seed_source_timestamp":889416028542,"is_daily":false,"special_seed":null,"is_trial":false,"is_endless":false,"is_ascension_mode":true,"ascension_level":9,"neow_bonus":"BOSS_RELIC","neow_cost":"NONE","is_beta":false,"is_prod":false,"victory":false,"floor_reached":50,"score":794,"timestamp":1699761513,"local_time":"11/12/2023 03:58:33","playtime":2637,"player_experience":333717,"master_deck":["Survivor","Neutralize","Heel Hook","Underhanded Strike","Backflip","Concentrate+1","Leg Sweep","Infinite Blades+1","Envenom+1","Crippling Poison","Quick Slash","Blur","Flying Knee","Dagger Throw","Underhanded Strike","Sucker Punch","Heel Hook","Corpse Explosion","Heel Hook","Heel Hook","Caltrops+1","Phantasmal Killer+1","Expertise","Acrobatics+1","Poisoned Stab","Envenom+1","Reflex+1","Glass Knife","Parasite","Underhanded Strike+1","Heel Hook+1","Blur+1","Writhe"],"relics":["Pandora's Box","Orichalcum","Happy Flower","Dream Catcher","Darkstone Periapt","Lantern","Busted Crown","Red Mask","ClockworkSouvenir","Bottled Tornado","Smiling Mask","Black Star","MealTicket","Kunai"],"gold":340,"campfire_rested":4,"campfire_upgraded":6,"purchased_purges":0,"potions_floor_spawned":[1,6,8,14,19,29,37,41,44],"potions_floor_usage":[6,12,14,16,19,24,30,33,44,50,50],"current_hp_per_floor":[63,63,63,63,58,70,70,70,70,70,70,65,65,65,65,47,64,44,37,37,34,21,43,43,41,41,41,41,27,5,5,27,11,59,50,50,36,11,11,35,15,39,39,21,71,71,71,77,77,0],"max_hp_per_floor":[70,70,70,70,70,70,70,70,70,70,70,70,70,70,70,70,70,70,70,70,70,75,75,75,75,75,75,75,75,75,75,75,75,75,75,75,75,81,81,81,81,81,81,81,71,71,71,77,77,77],"gold_per_floor":[110,65,340,356,374,403,403,413,436,436,436,470,12,32,32,128,128,138,166,16,33,33,33,33,48,48,48,48,67,95,95,95,195,195,206,206,221,233,86,86,98,98,98,118,118,340,340,340,340,340],"path_per_floor":["M","$","?","M","M","E","R","M","T","?","R","E","$","M","R","B",null,"M","?","$","M","?","R","E","M","T","?","R","M","E","?","R","B",null,"M","?","M","M","$","R","M","R","T","M","?","?","R","?","R","B"],"path_taken":["M","$","?","M","?","E","R","M","T","?","R","E","?","M","R","BOSS","M","?","$","M","?","R","E","M","T","?","R","?","E","?","R","BOSS","M","?","?","M","$","R","M","R","T","M","?","?","R","?","R","BOSS"],"items_purchased":["Dagger Throw","Darkstone Periapt","Lantern","SkillPotion","ClockworkSouvenir","MealTicket"],"item_purchase_floors":[2,13,13,13,20,39],"items_purged":[],"items_purged_floors":[],"character_chosen":"THE_SILENT","card_choices":[{"picked":"Flying Knee","not_picked":["Footwork","Well Laid Plans"],"floor":1},{"picked":"Underhanded Strike","not_picked":["Slice","Dagger Spray"],"floor":4},{"picked":"Sucker Punch","not_picked":["Dagger Throw","Acrobatics"],"floor":5},{"picked":"Heel Hook","not_picked":["Dodge and Roll","Dagger Throw"],"floor":6},{"picked":"Corpse Explosion","not_picked":["PiercingWail","Blade Dance"],"floor":8},{"picked":"Heel Hook","not_picked":["Deadly Poison","Deflect"],"floor":12},{"picked":"Caltrops","not_picked":["Flechettes","Acrobatics"],"floor":14},{"picked":"Phantasmal Killer","not_picked":["After Image","Wraith Form v2"],"floor":16},{"picked":"Expertise","not_picked":[],"floor":18},{"picked":"Acrobatics","not_picked":[],"floor":19},{"picked":"Poisoned Stab","not_picked":[],"floor":21},{"picked":"SKIP","not_picked":["Dodge and Roll"],"floor":25},{"picked":"SKIP","not_picked":["Backstab"],"floor":29},{"picked":"SKIP","not_picked":["Deadly Poison"],"floor":30},{"picked":"Reflex+1","not_picked":[],"floor":32},{"picked":"Glass Knife","not_picked":[],"floor":33},{"picked":"SKIP","not_picked":["Backstab"],"floor":35},{"picked":"SKIP","not_picked":["Endless Agony+1"],"floor":37},{"picked":"SKIP","not_picked":["All Out Attack"],"floor":38},{"picked":"Underhanded Strike+1","not_picked":[],"floor":40},{"picked":"Heel Hook+1","not_picked":[],"floor":41},{"picked":"Blur+1","not_picked":[],"floor":44}],"event_choices":[{"event_name":"Golden Shrine","player_choice":"Desecrate","floor":3,"cards_obtained":["Regret"],"cards_removed":null,"cards_transformed":null,"cards_upgraded":null,"relics_obtained":null,"potions_obtained":null,"relics_lost":null,"damage_taken":0,"damage_healed":0,"max_hp_loss":0,"max_hp_gain":0,"gold_gain":275,"gold_loss":0},{"event_name":"Match and Keep!","player_choice":"1 cards matched","floor":10,"cards_obtained":["Heel Hook"],"cards_removed":null,"cards_transformed":null,"cards_upgraded":null,"relics_obtained":null,"potions_obtained":null,"relics_lost":null,"damage_taken":0,"damage_healed":0,"max_hp_loss":0,"max_hp_gain":0,"gold_gain":0,"gold_loss":0},{"event_name":"Masked Bandits","player_choice":"Fought Bandits","floor":19,"cards_obtained":null,"cards_removed":null,"cards_transformed":null,"cards_upgraded":null,"relics_obtained":null,"potions_obtained":null,"relics_lost":null,"damage_taken":0,"damage_healed":0,"max_hp_loss":0,"max_hp_gain":0,"gold_gain":0,"gold_loss":0},{"event_name":"Forgotten Altar","player_choice":"Shed Blood","floor":22,"cards_obtained":null,"cards_removed":null,"cards_transformed":null,"cards_upgraded":null,"relics_obtained":null,"potions_obtained":null,"relics_lost":null,"damage_taken":18,"damage_healed":0,"max_hp_loss":0,"max_hp_gain":5,"gold_gain":0,"gold_loss":0},{"event_name":"Duplicator","player_choice":"Copied","floor":27,"cards_obtained":["Envenom"],"cards_removed":null,"cards_transformed":null,"cards_upgraded":null,"relics_obtained":null,"potions_obtained":null,"relics_lost":null,"damage_taken":0,"damage_healed":0,"max_hp_loss":0,"max_hp_gain":0,"gold_gain":0,"gold_loss":0},{"event_name":"Lab","player_choice":"Got Potions","floor":31,"cards_obtained":null,"cards_removed":null,"cards_transformed":null,"cards_upgraded":null,"relics_obtained":null,"potions_obtained":null,"relics_lost":null,"damage_taken":0,"damage_healed":0,"max_hp_loss":0,"max_hp_gain":0,"gold_gain":0,"gold_loss":0},{"event_name":"Purifier","player_choice":"Purged","floor":36,"cards_obtained":null,"cards_removed":["Regret"],"cards_transformed":null,"cards_upgraded":null,"relics_obtained":null,"potions_obtained":null,"relics_lost":null,"damage_taken":0,"damage_healed":0,"max_hp_loss":0,"max_hp_gain":0,"gold_gain":0,"gold_loss":0},{"event_name":"The Moai Head","player_choice":"Heal","floor":45,"cards_obtained":null,"cards_removed":null,"cards_transformed":null,"cards_upgraded":null,"relics_obtained":null,"potions_obtained":null,"relics_lost":null,"damage_taken":0,"damage_healed":71,"max_hp_loss":10,"max_hp_gain":0,"gold_gain":0,"gold_loss":0},{"event_name":"Tomb of Lord Red Mask","player_choice":"Wore Mask","floor":46,"cards_obtained":null,"cards_removed":null,"cards_transformed":null,"cards_upgraded":null,"relics_obtained":null,"potions_obtained":null,"relics_lost":null,"damage_taken":0,"damage_healed":0,"max_hp_loss":0,"max_hp_gain":0,"gold_gain":222,"gold_loss":0},{"event_name":"Winding Halls","player_choice":"Writhe","floor":48,"cards_obtained":["Writhe"],"cards_removed":null,"cards_transformed":null,"cards_upgraded":null,"relics_obtained":null,"potions_obtained":null,"relics_lost":null,"damage_taken":0,"damage_healed":18,"max_hp_loss":0,"max_hp_gain":0,"gold_gain":0,"gold_loss":0}],"boss_relics":[{"picked":"Busted Crown","not_picked":["Snecko Eye","Philosopher's Stone"]},{"picked":"Black Star","not_picked":["Velvet Choker","Astrolabe"]}],"damage_taken":[{"floor":1,"enemies":"Jaw Worm","damage":0,"turns":5},{"floor":4,"enemies":"Cultist","damage":0,"turns":3},{"floor":5,"enemies":"2 Louse","damage":5,"turns":2},{"floor":6,"enemies":"Lagavulin","damage":2,"turns":7},{"floor":8,"enemies":"Exordium Wildlife","damage":0,"turns":3},{"floor":12,"enemies":"3 Sentries","damage":5,"turns":2},{"floor":14,"enemies":"Blue Slaver","damage":0,"turns":3},{"floor":16,"enemies":"Hexaghost","damage":18,"turns":6},{"floor":18,"enemies":"2 Thieves","damage":20,"turns":3},{"floor":19,"enemies":"Masked Bandits","damage":7,"turns":2},{"floor":21,"enemies":"Chosen","damage":3,"turns":3},{"floor":24,"enemies":"Slavers","damage":0,"turns":1},{"floor":25,"enemies":"Centurion and Healer","damage":2,"turns":3},{"floor":29,"enemies":"Snecko","damage":14,"turns":4},{"floor":30,"enemies":"Gremlin Leader","damage":22,"turns":5},{"floor":33,"enemies":"Champ","damage":16,"turns":6},{"floor":35,"enemies":"3 Darklings","damage":9,"turns":4},{"floor":37,"enemies":"Orb Walker","damage":14,"turns":3},{"floor":38,"enemies":"Writhing Mass","damage":31,"turns":5},{"floor":41,"enemies":"Spire Growth","damage":20,"turns":4},{"floor":44,"enemies":"Maw","damage":18,"turns":5},{"floor":50,"enemies":"Time Eater","damage":79,"turns":7}],"potions_obtained":[{"key":"Regen Potion","floor":1},{"key":"DistilledChaos","floor":6},{"key":"DuplicationPotion","floor":8},{"key":"SkillPotion","floor":14},{"key":"SmokeBomb","floor":19},{"key":"Dexterity Potion","floor":29},{"key":"DuplicationPotion","floor":31},{"key":"SpeedPotion","floor":31},{"key":"FearPotion","floor":31},{"key":"SpeedPotion","floor":37},{"key":"AttackPotion","floor":41},{"key":"Swift Potion","floor":44}],"relics_obtained":[{"key":"Orichalcum","floor":6},{"key":"Happy Flower","floor":9},{"key":"Dream Catcher","floor":12},{"key":"Red Mask","floor":19},{"key":"Bottled Tornado","floor":26},{"key":"Smiling Mask","floor":30},{"key":"Kunai","floor":43}],"campfire_choices":[{"floor":7,"key":"SMITH","data":"Envenom"},{"floor":11,"key":"SMITH","data":"Infinite Blades"},{"floor":15,"key":"SMITH","data":"Caltrops"},{"floor":23,"key":"REST"},{"floor":28,"key":"SMITH","data":"Phantasmal Killer"},{"floor":32,"key":"REST"},{"floor":40,"key":"REST"},{"floor":42,"key":"REST"},{"floor":47,"key":"SMITH","data":"Concentrate"},{"floor":49,"key":"SMITH","data":"Acrobatics"}],"circlet_count":0,"win_rate":0,"killed_by":"Time Eater"}