{"play_id":"50063ea9-0be2-4425-b24f-ea930748dddf","build_version":"2020-01-27","seed_played":"2668390525078372669","chose_seed":false,"seed_source_timestamp":0,"is_daily":false,"special_seed":0,"is_trial":false,"is_endless":false,"is_ascension_mode":true,"ascension_level":9,"neow_bonus":"THREE_ENEMY_KILL","neow_cost":"NONE","is_beta":false,"is_prod":false,"victory":false,"floor_reached":16,"score":204,"timestamp":1699923947,"local_time":"11/14/2023 01:05:47","playtime":520,"player_experience":341973,"master_deck":["Strike_G","Strike_G","Strike_G","Strike_G","Strike_G","Defend_G","Defend_G","Defend_G","Defend_G","Survivor","Neutralize","PiercingWail","Venomology+1","Night Terror+1","Deadly Poison","Flying Knee","Infinite Blades"],"relics":["Ring of the Snake","NeowsBlessing","Golden Idol","Pen Nib","Ginger","Omamori","Happy Flower","Ninja Scroll"],"gold":74,"campfire_rested":1,"campfire_upgraded":2,"purchased_purges":2,"potions_floor_spawned":[4,8,12],"potions_floor_usage":[8,12,13,13,13,16,16,16,16],"current_hp_per_floor":[63,63,63,63,56,56,56,29,29,29,29,17,1,1,22,0],"max_hp_per_floor":[70,70,70,70,70,70,70,70,70,70,70,70,70,70,70,70],"gold_per_floor":[113,113,38,61,61,105,105,140,167,167,16,41,74,74,74,74],"path_per_floor":["M","?","$","M","?","E","R","E","T","R","$","M","E","?","R","B"],"path_taken":["M","?","$","M","?","E","R","E","T","R","$","M","E","?","R","BOSS"],"items_purchased":["Deadly Poison"],"item_purchase_floors":[11],"items_purged":["Injury","Defend_G"],"items_purged_floors":[3,11],"character_chosen":"THE_SILENT","card_choices":[{"picked":"PiercingWail","not_picked":["Deflect","Outmaneuver"],"floor":1},{"picked":"Venomology","not_picked":["Blade Dance","Acrobatics"],"floor":4},{"picked":"Night Terror","not_picked":["Riddle With Holes","Slice"],"floor":6},{"picked":"SKIP","not_picked":["Skewer","Underhanded Strike","Flying Knee"],"floor":8},{"picked":"Flying Knee","not_picked":["Leg Sweep","Caltrops"],"floor":12},{"picked":"Infinite Blades","not_picked":["Quick Slash","Dagger Spray"],"floor":13}],"event_choices":[{"event_name":"Golden Idol","player_choice":"Take Wound","floor":2,"cards_obtained":["Injury"],"cards_removed":null,"cards_transformed":null,"cards_upgraded":null,"relics_obtained":["Golden Idol"],"potions_obtained":null,"relics_lost":null,"damage_taken":0,"damage_healed":0,"max_hp_loss":0,"max_hp_gain":0,"gold_gain":0,"gold_loss":0},{"event_name":"Scrap Ooze","player_choice":"Success","floor":5,"cards_obtained":null,"cards_removed":null,"cards_transformed":null,"cards_upgraded":null,"relics_obtained":["Pen Nib"],"potions_obtained":null,"relics_lost":null,"damage_taken":7,"damage_healed":0,"max_hp_loss":0,"max_hp_gain":0,"gold_gain":0,"gold_loss":0},{"event_name":"Shining Light","player_choice":"Ignored","floor":14,"cards_obtained":null,"cards_removed":null,"cards_transformed":null,"cards_upgraded":null,"relics_obtained":null,"potions_obtained":null,"relics_lost":null,"damage_taken":0,"damage_healed":0,"max_hp_loss":0,"max_hp_gain":0,"gold_gain":0,"gold_loss":0}],"boss_relics":[],"damage_taken":[{"floor":1,"enemies":"2 Louse","damage":0,"turns":1},{"floor":4,"enemies":"Jaw Worm","damage":0,"turns":1},{"floor":6,"enemies":"3 Sentries","damage":0,"turns":1},{"floor":8,"enemies":"Lagavulin","damage":27,"turns":8},{"floor":12,"enemies":"Small Slimes","damage":12,"turns":3},{"floor":13,"enemies":"3 Sentries","damage":16,"turns":8},{"floor":16,"enemies":"Slime Boss","damage":29,"turns":5}],"potions_obtained":[{"key":"AttackPotion","floor":4},{"key":"BlessingOfTheForge","floor":8},{"key":"Poison Potion","floor":12}],"relics_obtained":[{"key":"Ginger","floor":6},{"key":"Omamori","floor":8},{"key":"Happy Flower","floor":9},{"key":"Ninja Scroll","floor":13}],"campfire_choices":[{"floor":7,"key":"SMITH","data":"Venomology"},{"floor":10,"key":"SMITH","data":"Night Terror"},{"floor":15,"key":"REST"}],"circlet_count":0,"win_rate":0,"killed_by":"Slime Boss"}