{"play_id":"274152f6-b8db-4f10-9c72-172254964fb2","build_version":"2020-01-27","seed_played":"-868938751421839572","chose_seed":false,"seed_source_timestamp":218187351747,"is_daily":false,"special_seed":null,"is_trial":false,"is_endless":false,"is_ascension_mode":true,"ascension_level":10,"neow_bonus":"TRANSFORM_CARD","neow_cost":"NONE","is_beta":false,"is_prod":false,"victory":false,"floor_reached":28,"score":497,"timestamp":1700965879,"local_time":"11/26/2023 02:31:19","playtime":1284,"player_experience":379793,"master_deck":["AscendersBane","Strike_G+1","Strike_G+1","Defend_G+1","Defend_G+1","Defend_G+1","Defend_G+1","Defend_G+1","Survivor","Neutralize","Caltrops","Bouncing Flask+1","Slice","Bane+1","Catalyst+1","Poisoned Stab","Bouncing Flask+1","Footwork","Deadly Poison","Bullet Time+1","CurseOfTheBell","Footwork"],"relics":["Ring of the Snake","Boot","Nunchaku","Calling Bell","Lantern","Singing Bowl","Gambling Chip","CaptainsWheel","Matryoshka","Gremlin Horn"],"gold":212,"campfire_rested":0,"campfire_upgraded":4,"purchased_purges":1,"potions_floor_spawned":[1,4,14,20,27],"potions_floor_usage":[7,7,18,27],"current_hp_per_floor":[63,63,63,63,63,63,63,56,56,49,37,19,19,9,9,9,55,40,72,74,74,74,74,57,57,57,20,0],"max_hp_per_floor":[70,70,70,70,70,70,70,70,70,70,70,70,70,70,70,70,70,72,72,74,74,74,74,76,76,76,76,76],"gold_per_floor":[109,109,11,28,4,4,37,37,83,98,109,121,14,25,25,120,120,136,136,150,150,150,150,184,184,184,212,212],"path_per_floor":["M","?","$","M","$","R","E","?","T","M","M","M","$","M","R","B",null,"M","?","M","?","?","R","E","R","T","E","M"],"path_taken":["M","?","$","?","$","R","E","?","T","M","M","M","?","M","R","BOSS","M","?","?","?","?","R","E","R","T","E","M"],"items_purchased":["Slice","Bane","Bouncing Flask","Footwork"],"item_purchase_floors":[3,5,13,13],"items_purged":["Strike_G"],"items_purged_floors":[3],"character_chosen":"THE_SILENT","card_choices":[{"picked":"Bouncing Flask","not_picked":["Tactician","Expertise"],"floor":1},{"picked":"SKIP","not_picked":["Dagger Throw","Deflect","Prepared"],"floor":4},{"picked":"Catalyst","not_picked":["Blur","Underhanded Strike"],"floor":7},{"picked":"SKIP","not_picked":["Dagger Spray","Terror","Distraction"],"floor":10},{"picked":"Crippling Poison","not_picked":["Backflip","Well Laid Plans"],"floor":11},{"picked":"Poisoned Stab","not_picked":["Well Laid Plans","Sucker Punch"],"floor":12},{"picked":"Deadly Poison","not_picked":["Acrobatics","Blade Dance"],"floor":14},{"picked":"Bullet Time","not_picked":["Glass Knife","A Thousand Cuts"],"floor":16},{"picked":"Singing Bowl","not_picked":["Acrobatics","Outmaneuver","Bane"],"floor":18},{"picked":"Singing Bowl","not_picked":["Eviscerate","Deadly Poison","Deflect"],"floor":20},{"picked":"Singing Bowl","not_picked":["Slice","Deadly Poison","Distraction+1"],"floor":24},{"picked":"Footwork","not_picked":["Deadly Poison","Bullet Time"],"floor":27}],"event_choices":[{"event_name":"Upgrade Shrine","player_choice":"Upgraded","floor":2,"cards_obtained":null,"cards_removed":null,"cards_transformed":null,"cards_upgraded":["Bouncing Flask"],"relics_obtained":null,"potions_obtained":null,"relics_lost":null,"damage_taken":0,"damage_healed":0,"max_hp_loss":0,"max_hp_gain":0,"gold_gain":0,"gold_loss":0},{"event_name":"Golden Wing","player_choice":"Card Removal","floor":8,"cards_obtained":null,"cards_removed":["Strike_G"],"cards_transformed":null,"cards_upgraded":null,"relics_obtained":null,"potions_obtained":null,"relics_lost":null,"damage_taken":7,"damage_healed":0,"max_hp_loss":0,"max_hp_gain":0,"gold_gain":0,"gold_loss":0},{"event_name":"Bonfire Elementals","player_choice":"Offered Uncommon","floor":19,"cards_obtained":null,"cards_removed":["Crippling Poison"],"cards_transformed":null,"cards_upgraded":null,"relics_obtained":null,"potions_obtained":null,"relics_lost":null,"damage_taken":0,"damage_healed":32,"max_hp_loss":0,"max_hp_gain":0,"gold_gain":0,"gold_loss":0},{"event_name":"Ghosts","player_choice":"Ignored","floor":21,"cards_obtained":null,"cards_removed":null,"cards_transformed":null,"cards_upgraded":null,"relics_obtained":null,"potions_obtained":null,"relics_lost":null,"damage_taken":0,"damage_healed":0,"max_hp_loss":0,"max_hp_gain":0,"gold_gain":0,"gold_loss":0},{"event_name":"Back to Basics","player_choice":"Simplicity","floor":22,"cards_obtained":null,"cards_removed":null,"cards_transformed":null,"cards_upgraded":["Strike_G","Strike_G","Defend_G","Defend_G","Defend_G","Defend_G","Defend_G"],"relics_obtained":null,"potions_obtained":null,"relics_lost":null,"damage_taken":0,"damage_healed":0,"max_hp_loss":0,"max_hp_gain":0,"gold_gain":0,"gold_loss":0}],"boss_relics":[{"picked":"Calling Bell","not_picked":["Sozu","Velvet Choker"]}],"damage_taken":[{"floor":1,"enemies":"Small Slimes","damage":0,"turns":5},{"floor":4,"enemies":"Cultist","damage":0,"turns":3},{"floor":7,"enemies":"3 Sentries","damage":0,"turns":3},{"floor":10,"enemies":"2 Louse","damage":7,"turns":2},{"floor":11,"enemies":"Exordium Wildlife","damage":12,"turns":4},{"floor":12,"enemies":"Large Slime","damage":18,"turns":5},{"floor":14,"enemies":"Red Slaver","damage":10,"turns":2},{"floor":16,"enemies":"Hexaghost","damage":0,"turns":7},{"floor":18,"enemies":"2 Thieves","damage":17,"turns":5},{"floor":20,"enemies":"Spheric Guardian","damage":0,"turns":2},{"floor":24,"enemies":"Book of Stabbing","damage":19,"turns":4},{"floor":27,"enemies":"Slavers","damage":37,"turns":5},{"floor":28,"enemies":"Shelled Parasite and Fungi","damage":21,"turns":2}],"potions_obtained":[{"key":"Energy Potion","floor":1},{"key":"SkillPotion","floor":4},{"key":"GhostInAJar","floor":14},{"key":"FearPotion","floor":20},{"key":"Energy Potion","floor":27}],"relics_obtained":[{"key":"Boot","floor":7},{"key":"Nunchaku","floor":9},{"key":"Lantern","floor":17},{"key":"Singing Bowl","floor":17},{"key":"Gambling Chip","floor":17},{"key":"CaptainsWheel","floor":24},{"key":"Matryoshka","floor":26},{"key":"Gremlin Horn","floor":27}],"campfire_choices":[{"floor":6,"key":"SMITH","data":"Bane"},{"floor":15,"key":"SMITH","data":"Catalyst"},{"floor":23,"key":"SMITH","data":"Bouncing Flask"},{"floor":25,"key":"SMITH","data":"Bullet Time"}],"circlet_count":0,"win_rate":0,"killed_by":"Shelled Parasite and Fungi"}