{"play_id":"d35dcffa-18a2-4bd0-aab2-952e546b9b8e","build_version":"2020-01-27","seed_played":"-872993633611554072","chose_seed":false,"seed_source_timestamp":2127603468748,"is_daily":false,"special_seed":null,"is_trial":false,"is_endless":false,"is_ascension_mode":true,"ascension_level":9,"neow_bonus":"ONE_RARE_RELIC","neow_cost":"CURSE","is_beta":false,"is_prod":false,"victory":false,"floor_reached":33,"score":638,"timestamp":1700012874,"local_time":"11/15/2023 01:47:54","playtime":1614,"player_experience":351174,"master_deck":["Strike_G","Strike_G","Strike_G","Strike_G","Defend_G","Defend_G","Defend_G","Defend_G","Defend_G","Survivor","Neutralize","Poisoned Stab","Noxious Fumes+1","Deadly Poison","Catalyst+1","Phantasmal Killer","Deadly Poison","Injury","Malaise+1","PiercingWail","Malaise+1","Footwork","Bouncing Flask","Backflip+1","Bane+1"],"relics":["Ring of the Snake","Pocketwatch","Orichalcum","Mango","Mummified Hand","Bottled Tornado","PreservedInsect","Golden Idol","Old Coin","Ectoplasm","FossilizedHelix","Meat on the Bone","Pen Nib","Toy Ornithopter","Bottled Lightning"],"gold":19,"campfire_rested":0,"campfire_upgraded":4,"purchased_purges":0,"potions_floor_spawned":[1,3,8,10,16,23,28],"potions_floor_usage":[6,10,18,21,24,31],"current_hp_per_floor":[63,63,63,63,63,51,44,42,42,33,33,33,21,21,21,21,68,50,50,50,50,50,50,49,49,49,49,49,49,49,54,54,0],"max_hp_per_floor":[70,70,70,70,70,70,70,84,84,84,84,84,84,84,84,84,84,84,84,84,84,84,84,84,84,84,84,84,84,84,84,84,84],"gold_per_floor":[117,131,148,98,115,142,142,173,173,200,0,0,331,345,345,465,465,390,321,19,19,19,19,19,19,19,19,19,19,19,19,19,19],"path_per_floor":["M","M","M","?","M","E","?","E","T","E","$","?","E","M","R","B",null,"M","?","$","M","$","E","M","M","T","R","M","?","R","E","R","B"],"path_taken":["M","?","M","?","M","E","?","E","T","E","$","?","E","M","R","BOSS","M","?","$","M","?","E","M","?","T","R","M","?","R","E","R","BOSS"],"items_purchased":["PreservedInsect","Deadly Poison","Meat on the Bone","Block Potion"],"item_purchase_floors":[11,11,20,20],"items_purged":[],"items_purged_floors":[],"character_chosen":"THE_SILENT","card_choices":[{"picked":"Poisoned Stab","not_picked":["Dagger Spray","Calculated Gamble"],"floor":1},{"picked":"Noxious Fumes","not_picked":["Blade Dance","Deflect"],"floor":2},{"picked":"Deadly Poison","not_picked":["Blade Dance","Dash"],"floor":3},{"picked":"SKIP","not_picked":["Acrobatics","Underhanded Strike","Dagger Throw"],"floor":5},{"picked":"Catalyst","not_picked":["Dagger Throw","Bane"],"floor":6},{"picked":"Phantasmal Killer","not_picked":["Distraction","Quick Slash"],"floor":8},{"picked":"SKIP","not_picked":["Blade Dance","Dodge and Roll","Deflect"],"floor":10},{"picked":"Malaise","not_picked":["Dagger Throw","Flying Knee"],"floor":13},{"picked":"PiercingWail","not_picked":["Distraction","Dagger Throw"],"floor":14},{"picked":"Malaise","not_picked":["Night Terror","Wraith Form v2"],"floor":16},{"picked":"Footwork","not_picked":["Infinite Blades+1","Deadly Poison"],"floor":18},{"picked":"Bouncing Flask","not_picked":["Blade Dance","Choke+1"],"floor":21},{"picked":"SKIP","not_picked":["Expertise","Bane","Poisoned Stab"],"floor":23},{"picked":"SKIP","not_picked":["Flying Knee","Prepared","Deadly Poison"],"floor":24},{"picked":"Backflip+1","not_picked":["Leg Sweep","Outmaneuver+1"],"floor":25},{"picked":"Bane+1","not_picked":["Grand Finale","Acrobatics+1"],"floor":28},{"picked":"SKIP","not_picked":["Flying Knee","Slice+1","Prepared+1"],"floor":31}],"event_choices":[{"event_name":"The Cleric","player_choice":"Card Removal","floor":4,"cards_obtained":null,"cards_removed":["Shame"],"cards_transformed":null,"cards_upgraded":null,"relics_obtained":null,"potions_obtained":null,"relics_lost":null,"damage_taken":0,"damage_healed":0,"max_hp_loss":0,"max_hp_gain":0,"gold_gain":0,"gold_loss":50},{"event_name":"Golden Wing","player_choice":"Card Removal","floor":7,"cards_obtained":null,"cards_removed":["Strike_G"],"cards_transformed":null,"cards_upgraded":null,"relics_obtained":null,"potions_obtained":null,"relics_lost":null,"damage_taken":7,"damage_healed":0,"max_hp_loss":0,"max_hp_gain":0,"gold_gain":0,"gold_loss":0},{"event_name":"Golden Idol","player_choice":"Take Wound","floor":12,"cards_obtained":["Injury"],"cards_removed":null,"cards_transformed":null,"cards_upgraded":null,"relics_obtained":["Golden Idol"],"potions_obtained":null,"relics_lost":null,"damage_taken":0,"damage_healed":0,"max_hp_loss":0,"max_hp_gain":0,"gold_gain":0,"gold_loss":0},{"event_name":"WeMeetAgain","player_choice":"Paid Gold","floor":19,"cards_obtained":null,"cards_removed":null,"cards_transformed":null,"cards_upgraded":null,"relics_obtained":["FossilizedHelix"],"potions_obtained":null,"relics_lost":null,"damage_taken":0,"damage_healed":0,"max_hp_loss":0,"max_hp_gain":0,"gold_gain":0,"gold_loss":69},{"event_name":"Cursed Tome","player_choice":"Ignored","floor":29,"cards_obtained":null,"cards_removed":null,"cards_transformed":null,"cards_upgraded":null,"relics_obtained":null,"potions_obtained":null,"relics_lost":null,"damage_taken":0,"damage_healed":0,"max_hp_loss":0,"max_hp_gain":0,"gold_gain":0,"gold_loss":0}],"boss_relics":[{"picked":"Ectoplasm","not_picked":["Philosopher's Stone","HoveringKite"]}],"damage_taken":[{"floor":1,"enemies":"Cultist","damage":0,"turns":5},{"floor":2,"enemies":"2 Louse","damage":0,"turns":3},{"floor":3,"enemies":"Small Slimes","damage":0,"turns":3},{"floor":5,"enemies":"Looter","damage":0,"turns":4},{"floor":6,"enemies":"Gremlin Nob","damage":12,"turns":3},{"floor":8,"enemies":"Lagavulin","damage":16,"turns":5},{"floor":10,"enemies":"3 Sentries","damage":9,"turns":8},{"floor":13,"enemies":"Lagavulin","damage":12,"turns":5},{"floor":14,"enemies":"Gremlin Gang","damage":0,"turns":4},{"floor":16,"enemies":"Hexaghost","damage":0,"turns":7},{"floor":18,"enemies":"2 Thieves","damage":18,"turns":5},{"floor":21,"enemies":"Chosen","damage":0,"turns":4},{"floor":23,"enemies":"Book of Stabbing","damage":0,"turns":4},{"floor":24,"enemies":"Shelled Parasite and Fungi","damage":1,"turns":6},{"floor":25,"enemies":"Snake Plant","damage":0,"turns":4},{"floor":28,"enemies":"Snecko","damage":0,"turns":5},{"floor":31,"enemies":"Gremlin Leader","damage":0,"turns":5},{"floor":33,"enemies":"Collector","damage":59,"turns":7}],"potions_obtained":[{"key":"Fire Potion","floor":1},{"key":"GhostInAJar","floor":3},{"key":"Strength Potion","floor":8},{"key":"Poison Potion","floor":10},{"key":"AttackPotion","floor":16},{"key":"Explosive Potion","floor":23},{"key":"Strength Potion","floor":28}],"relics_obtained":[{"key":"Orichalcum","floor":6},{"key":"Mango","floor":8},{"key":"Mummified Hand","floor":9},{"key":"Bottled Tornado","floor":10},{"key":"Old Coin","floor":13},{"key":"Pen Nib","floor":23},{"key":"Toy Ornithopter","floor":26},{"key":"Bottled Lightning","floor":31}],"campfire_choices":[{"floor":15,"key":"SMITH","data":"Noxious Fumes"},{"floor":27,"key":"SMITH","data":"Catalyst"},{"floor":30,"key":"SMITH","data":"Malaise"},{"floor":32,"key":"SMITH","data":"Malaise"}],"circlet_count":0,"win_rate":0,"killed_by":"Collector"}