{"play_id":"8da773eb-208f-4df0-b349-beb8352c03f0","build_version":"2020-01-27","seed_played":"4866073935497112919","chose_seed":false,"seed_source_timestamp":310349023821,"is_daily":false,"special_seed":null,"is_trial":false,"is_endless":false,"is_ascension_mode":true,"ascension_level":10,"neow_bonus":"THREE_ENEMY_KILL","neow_cost":"NONE","is_beta":false,"is_prod":false,"victory":false,"floor_reached":33,"score":429,"timestamp":1701142109,"local_time":"11/28/2023 03:28:29","playtime":1062,"player_experience":384594,"master_deck":["AscendersBane","Strike_G+1","Strike_G+1","Strike_G+1","Strike_G+1","Defend_G+1","Defend_G+1","Defend_G+1","Defend_G+1","Survivor","Neutralize","Sucker Punch","Dash+1","Crippling Poison+1","Flying Knee","Deadly Poison+1","Phantasmal Killer+1","Terror+1","Poisoned Stab+1","Terror","Deadly Poison+1","PiercingWail","Doubt"],"relics":["Ring of the Snake","NeowsBlessing","Golden Idol","Juzu Bracelet","Blue Candle","Toy Ornithopter","Nunchaku","SacredBark","WarpedTongs","Bottled Lightning","Oddly Smooth Stone","Anchor","Unceasing Top"],"gold":184,"campfire_rested":1,"campfire_upgraded":4,"purchased_purges":1,"potions_floor_spawned":[1,11,14,29],"potions_floor_usage":[14,16,18,22,30],"current_hp_per_floor":[63,63,46,39,25,25,25,25,25,22,22,22,22,24,24,9,55,44,44,44,44,48,48,48,48,48,48,46,37,24,24,45,0],"max_hp_per_floor":[70,70,70,70,70,70,70,70,70,70,70,70,70,70,70,70,70,70,70,70,70,70,70,70,70,70,70,70,70,70,70,70,70],"gold_per_floor":[109,0,0,0,0,34,34,34,34,34,52,75,88,103,103,224,224,203,302,302,9,45,45,45,45,95,95,115,140,184,184,184,184],"path_per_floor":["M","$","?","?","?","E","R","$","T","?","M","T","M","M","R","B",null,"M","?","?","$","M","R","?","R","T","?","M","M","E","?","R","B"],"path_taken":["M","$","?","?","?","E","R","$","T","?","M","?","M","M","R","BOSS","M","?","?","$","M","R","?","R","T","?","M","M","E","?","R","BOSS"],"items_purchased":["Dash","Bottled Lightning","ColorlessPotion"],"item_purchase_floors":[2,21,21],"items_purged":["Strike_G"],"items_purged_floors":[2],"character_chosen":"THE_SILENT","card_choices":[{"picked":"Sucker Punch","not_picked":["Tactician","Backstab"],"floor":1},{"picked":"Crippling Poison","not_picked":["Well Laid Plans","Deadly Poison"],"floor":6},{"picked":"Flying Knee","not_picked":["Deflect","Escape Plan"],"floor":11},{"picked":"SKIP","not_picked":["Backstab","Quick Slash","Flying Knee"],"floor":13},{"picked":"Deadly Poison","not_picked":["Dodge and Roll","Phantasmal Killer"],"floor":14},{"picked":"Phantasmal Killer","not_picked":["Envenom","Burst"],"floor":16},{"picked":"Terror+1","not_picked":["Infinite Blades","Choke"],"floor":18},{"picked":"Poisoned Stab","not_picked":["Acrobatics","Outmaneuver"],"floor":22},{"picked":"Terror","not_picked":["Expertise","Leg Sweep"],"floor":28},{"picked":"Deadly Poison+1","not_picked":["Poisoned Stab","Dodge and Roll"],"floor":29},{"picked":"PiercingWail","not_picked":["Dagger Throw+1","Wraith Form v2"],"floor":30}],"event_choices":[{"event_name":"Golden Idol","player_choice":"Take Damage","floor":3,"cards_obtained":null,"cards_removed":null,"cards_transformed":null,"cards_upgraded":null,"relics_obtained":["Golden Idol"],"potions_obtained":null,"relics_lost":null,"damage_taken":17,"damage_healed":0,"max_hp_loss":0,"max_hp_gain":0,"gold_gain":0,"gold_loss":0},{"event_name":"Golden Wing","player_choice":"Card Removal","floor":4,"cards_obtained":null,"cards_removed":["Defend_G"],"cards_transformed":null,"cards_upgraded":null,"relics_obtained":null,"potions_obtained":null,"relics_lost":null,"damage_taken":7,"damage_healed":0,"max_hp_loss":0,"max_hp_gain":0,"gold_gain":0,"gold_loss":0},{"event_name":"Shining Light","player_choice":"Entered Light","floor":5,"cards_obtained":null,"cards_removed":null,"cards_transformed":null,"cards_upgraded":["Dash","Defend_G"],"relics_obtained":null,"potions_obtained":null,"relics_lost":null,"damage_taken":14,"damage_healed":0,"max_hp_loss":0,"max_hp_gain":0,"gold_gain":0,"gold_loss":0},{"event_name":"Scrap Ooze","player_choice":"Success","floor":10,"cards_obtained":null,"cards_removed":null,"cards_transformed":null,"cards_upgraded":null,"relics_obtained":["Toy Ornithopter"],"potions_obtained":null,"relics_lost":null,"damage_taken":3,"damage_healed":0,"max_hp_loss":0,"max_hp_gain":0,"gold_gain":0,"gold_loss":0},{"event_name":"Nest","player_choice":"Stole From Cult","floor":19,"cards_obtained":null,"cards_removed":null,"cards_transformed":null,"cards_upgraded":null,"relics_obtained":null,"potions_obtained":null,"relics_lost":null,"damage_taken":0,"damage_healed":0,"max_hp_loss":0,"max_hp_gain":0,"gold_gain":99,"gold_loss":0},{"event_name":"Accursed Blacksmith","player_choice":"Rummage","floor":20,"cards_obtained":["Pain"],"cards_removed":null,"cards_transformed":null,"cards_upgraded":null,"relics_obtained":["WarpedTongs"],"potions_obtained":null,"relics_lost":null,"damage_taken":0,"damage_healed":0,"max_hp_loss":0,"max_hp_gain":0,"gold_gain":0,"gold_loss":0},{"event_name":"Back to Basics","player_choice":"Simplicity","floor":24,"cards_obtained":null,"cards_removed":null,"cards_transformed":null,"cards_upgraded":["Strike_G","Strike_G","Strike_G","Strike_G","Defend_G","Defend_G","Defend_G"],"relics_obtained":null,"potions_obtained":null,"relics_lost":null,"damage_taken":0,"damage_healed":0,"max_hp_loss":0,"max_hp_gain":0,"gold_gain":0,"gold_loss":0},{"event_name":"The Mausoleum","player_choice":"Opened","floor":27,"cards_obtained":null,"cards_removed":null,"cards_transformed":null,"cards_upgraded":null,"relics_obtained":["Anchor"],"potions_obtained":null,"relics_lost":null,"damage_taken":0,"damage_healed":0,"max_hp_loss":0,"max_hp_gain":0,"gold_gain":0,"gold_loss":0},{"event_name":"Transmorgrifier","player_choice":"Transformed","floor":31,"cards_obtained":["Doubt"],"cards_removed":null,"cards_transformed":["Pain"],"cards_upgraded":null,"relics_obtained":null,"potions_obtained":null,"relics_lost":null,"damage_taken":0,"damage_healed":0,"max_hp_loss":0,"max_hp_gain":0,"gold_gain":0,"gold_loss":0}],"boss_relics":[{"picked":"SacredBark","not_picked":["Ectoplasm","WristBlade"]}],"damage_taken":[{"floor":1,"enemies":"Cultist","damage":0,"turns":1},{"floor":6,"enemies":"3 Sentries","damage":0,"turns":1},{"floor":11,"enemies":"Small Slimes","damage":0,"turns":1},{"floor":13,"enemies":"2 Louse","damage":0,"turns":3},{"floor":14,"enemies":"Exordium Thugs","damage":3,"turns":4},{"floor":16,"enemies":"The Guardian","damage":20,"turns":10},{"floor":18,"enemies":"2 Thieves","damage":16,"turns":5},{"floor":22,"enemies":"Spheric Guardian","damage":1,"turns":3},{"floor":28,"enemies":"Cultist and Chosen","damage":2,"turns":5},{"floor":29,"enemies":"Centurion and Healer","damage":9,"turns":5},{"floor":30,"enemies":"Book of Stabbing","damage":18,"turns":3},{"floor":33,"enemies":"Automaton","damage":76,"turns":6}],"potions_obtained":[{"key":"Weak Potion","floor":1},{"key":"Explosive Potion","floor":11},{"key":"BlessingOfTheForge","floor":14},{"key":"SkillPotion","floor":29}],"relics_obtained":[{"key":"Juzu Bracelet","floor":6},{"key":"Blue Candle","floor":9},{"key":"Nunchaku","floor":12},{"key":"Oddly Smooth Stone","floor":26},{"key":"Unceasing Top","floor":30}],"campfire_choices":[{"floor":7,"key":"SMITH","data":"Crippling Poison"},{"floor":15,"key":"SMITH","data":"Deadly Poison"},{"floor":23,"key":"SMITH","data":"Phantasmal Killer"},{"floor":25,"key":"SMITH","data":"Poisoned Stab"},{"floor":32,"key":"REST"}],"circlet_count":0,"win_rate":0,"killed_by":"Automaton"}