{"play_id":"78138853-28cd-4c12-92d1-e8fb65da96a7","build_version":"2020-01-27","seed_played":"-4973250003717868679","chose_seed":false,"seed_source_timestamp":0,"is_daily":false,"special_seed":0,"is_trial":false,"is_endless":false,"is_ascension_mode":true,"ascension_level":10,"neow_bonus":"THREE_ENEMY_KILL","neow_cost":"NONE","is_beta":false,"is_prod":false,"victory":false,"floor_reached":11,"score":125,"timestamp":1701554234,"local_time":"12/02/2023 21:57:14","playtime":451,"player_experience":400544,"master_deck":["AscendersBane","Strike_G","Strike_G","Strike_G","Strike_G","Strike_G","Defend_G","Defend_G","Defend_G","Defend_G","Defend_G","Survivor","Neutralize","Deadly Poison","Envenom","Calculated Gamble","Doppelganger+1","Catalyst","Flying Knee","Noxious Fumes","Corpse Explosion"],"relics":["Ring of the Snake","NeowsBlessing","Blood Vial","Strawberry","Juzu Bracelet","Art of War"],"gold":233,"campfire_rested":0,"campfire_upgraded":1,"purchased_purges":0,"potions_floor_spawned":[3,4,8],"potions_floor_usage":[8,11],"current_hp_per_floor":[63,63,63,63,59,42,49,32,32,32,0],"max_hp_per_floor":[70,70,70,70,70,70,77,77,77,77,77],"gold_per_floor":[110,110,128,142,153,180,180,209,233,233,233],"path_per_floor":["M","?","M","M","M","E","?","E","T","R","E"],"path_taken":["M","?","?","M","M","E","?","E","T","R","E"],"items_purchased":[],"item_purchase_floors":[],"items_purged":[],"items_purged_floors":[],"character_chosen":"THE_SILENT","card_choices":[{"picked":"Deadly Poison","not_picked":["Backflip","Underhanded Strike"],"floor":1},{"picked":"Doppelganger","not_picked":["Acrobatics","Underhanded Strike"],"floor":3},{"picked":"Catalyst","not_picked":["Poisoned Stab","Acrobatics"],"floor":4},{"picked":"Flying Knee","not_picked":["Quick Slash","Backflip"],"floor":5},{"picked":"Noxious Fumes","not_picked":["Underhanded Strike","Terror"],"floor":6},{"picked":"Corpse Explosion","not_picked":["Backflip","Eviscerate"],"floor":8}],"event_choices":[{"event_name":"Match and Keep!","player_choice":"2 cards matched","floor":2,"cards_obtained":["Envenom","Calculated Gamble"],"cards_removed":null,"cards_transformed":null,"cards_upgraded":null,"relics_obtained":null,"potions_obtained":null,"relics_lost":null,"damage_taken":0,"damage_healed":0,"max_hp_loss":0,"max_hp_gain":0,"gold_gain":0,"gold_loss":0},{"event_name":"Dead Adventurer","player_choice":"Searched '1' times","floor":7,"cards_obtained":null,"cards_removed":null,"cards_transformed":null,"cards_upgraded":null,"relics_obtained":["Strawberry"],"potions_obtained":null,"relics_lost":null,"damage_taken":0,"damage_healed":0,"max_hp_loss":0,"max_hp_gain":0,"gold_gain":0,"gold_loss":0}],"boss_relics":[],"damage_taken":[{"floor":1,"enemies":"Small Slimes","damage":0,"turns":1},{"floor":3,"enemies":"Cultist","damage":0,"turns":1},{"floor":4,"enemies":"2 Louse","damage":0,"turns":2},{"floor":5,"enemies":"2 Fungi Beasts","damage":4,"turns":6},{"floor":6,"enemies":"Lagavulin","damage":17,"turns":6},{"floor":8,"enemies":"3 Sentries","damage":19,"turns":7},{"floor":11,"enemies":"Gremlin Nob","damage":40,"turns":3}],"potions_obtained":[{"key":"SkillPotion","floor":3},{"key":"SteroidPotion","floor":4},{"key":"SkillPotion","floor":8}],"relics_obtained":[{"key":"Blood Vial","floor":6},{"key":"Juzu Bracelet","floor":8},{"key":"Art of War","floor":9}],"campfire_choices":[{"floor":10,"key":"SMITH","data":"Doppelganger"}],"circlet_count":0,"win_rate":0,"killed_by":"Gremlin Nob"}