{"play_id":"60f20670-dbfb-4469-9a62-0723707dd02f","build_version":"2020-01-27","seed_played":"-6893302051558571004","chose_seed":false,"seed_source_timestamp":0,"is_daily":false,"special_seed":0,"is_trial":false,"is_endless":false,"is_ascension_mode":true,"ascension_level":10,"neow_bonus":"BOSS_RELIC","neow_cost":"NONE","is_beta":false,"is_prod":false,"victory":false,"floor_reached":31,"score":549,"timestamp":1701193741,"local_time":"11/28/2023 17:49:01","playtime":1112,"player_experience":389451,"master_deck":["AscendersBane","Strike_G","Strike_G","Strike_G","Defend_G","Defend_G","Defend_G","Defend_G","Defend_G","Survivor","Neutralize","Noxious Fumes+1","Deadly Poison","Neutralize+1","Blade Dance+1","Blade Dance","Blade Dance","Malaise","Adrenaline","Noxious Fumes+1","Envenom+1","Endless Agony+1","Dodge and Roll+1","PiercingWail+1"],"relics":["WristBlade","Happy Flower","TungstenRod","Bronze Scales","Ancient Tea Set","Snake Skull","PreservedInsect","Tiny House","Omamori","Ninja Scroll","Membership Card","Tiny Chest","Matryoshka"],"gold":58,"campfire_rested":0,"campfire_upgraded":3,"purchased_purges":2,"potions_floor_spawned":[2,8,11,18,23,29],"potions_floor_usage":[13,24,24],"current_hp_per_floor":[56,51,51,44,44,44,44,34,34,23,23,23,23,23,23,23,63,53,43,43,43,43,35,35,35,35,35,35,34,9,0],"max_hp_per_floor":[70,70,70,70,70,70,70,70,70,70,70,70,70,70,70,70,75,75,75,75,75,75,75,75,75,75,75,75,75,75,75],"gold_per_floor":[116,132,57,57,57,57,71,103,126,155,169,25,56,56,56,151,201,216,229,229,129,129,160,172,172,247,247,19,29,58,58],"path_per_floor":["M","M","$","?","?","R","M","E","T","E","M","$","E","?","R","B",null,"M","M","?","$","?","E","M","?","T","R","$","M","E","M"],"path_taken":["M","M","$","?","?","R","?","E","T","E","M","$","E","?","R","BOSS","M","M","?","$","?","E","?","?","T","R","$","M","E","M"],"items_purchased":["Snake Skull","Membership Card","Tiny Chest"],"item_purchase_floors":[12,28,28],"items_purged":["Strike_G","Strike_G"],"items_purged_floors":[3,21],"character_chosen":"THE_SILENT","card_choices":[{"picked":"Noxious Fumes","not_picked":["Outmaneuver","Crippling Poison"],"floor":1},{"picked":"Deadly Poison","not_picked":["All Out Attack","Quick Slash"],"floor":2},{"picked":"Blade Dance","not_picked":["Poisoned Stab","Dagger Spray"],"floor":7},{"picked":"SKIP","not_picked":["Expertise","PiercingWail","Dagger Throw"],"floor":8},{"picked":"SKIP","not_picked":["Die Die Die","Poisoned Stab","Acrobatics"],"floor":10},{"picked":"Blade Dance","not_picked":["Dodge and Roll","Slice"],"floor":11},{"picked":"Malaise","not_picked":["Outmaneuver","Dodge and Roll"],"floor":13},{"picked":"Adrenaline","not_picked":["Doppelganger","Tools of the Trade"],"floor":16},{"picked":"SKIP","not_picked":["Slice+1","Expertise","Underhanded Strike"],"floor":18},{"picked":"Noxious Fumes+1","not_picked":["Caltrops","Deadly Poison+1"],"floor":19},{"picked":"Envenom","not_picked":["Dagger Spray","Finisher+1"],"floor":23},{"picked":"Endless Agony+1","not_picked":["Reflex","Quick Slash+1"],"floor":24},{"picked":"SKIP","not_picked":["PiercingWail","Dodge and Roll+1","Bane"],"floor":29},{"picked":"Dodge and Roll+1","not_picked":["PiercingWail","Bane"],"floor":29},{"picked":"PiercingWail+1","not_picked":["Escape Plan","Distraction+1"],"floor":30}],"event_choices":[{"event_name":"Scrap Ooze","player_choice":"Success","floor":4,"cards_obtained":null,"cards_removed":null,"cards_transformed":null,"cards_upgraded":null,"relics_obtained":["Happy Flower"],"potions_obtained":null,"relics_lost":null,"damage_taken":7,"damage_healed":0,"max_hp_loss":0,"max_hp_gain":0,"gold_gain":0,"gold_loss":0},{"event_name":"Match and Keep!","player_choice":"2 cards matched","floor":5,"cards_obtained":["Neutralize","Blade Dance"],"cards_removed":null,"cards_transformed":null,"cards_upgraded":null,"relics_obtained":null,"potions_obtained":null,"relics_lost":null,"damage_taken":0,"damage_healed":0,"max_hp_loss":0,"max_hp_gain":0,"gold_gain":0,"gold_loss":0},{"event_name":"Liars Game","player_choice":"Ignored","floor":14,"cards_obtained":null,"cards_removed":null,"cards_transformed":null,"cards_upgraded":null,"relics_obtained":null,"potions_obtained":null,"relics_lost":null,"damage_taken":0,"damage_healed":0,"max_hp_loss":0,"max_hp_gain":0,"gold_gain":0,"gold_loss":0},{"event_name":"Vampires","player_choice":"Ignored","floor":20,"cards_obtained":null,"cards_removed":null,"cards_transformed":null,"cards_upgraded":null,"relics_obtained":null,"potions_obtained":null,"relics_lost":null,"damage_taken":0,"damage_healed":0,"max_hp_loss":0,"max_hp_gain":0,"gold_gain":0,"gold_loss":0},{"event_name":"Lab","player_choice":"Got Potions","floor":22,"cards_obtained":null,"cards_removed":null,"cards_transformed":null,"cards_upgraded":null,"relics_obtained":null,"potions_obtained":null,"relics_lost":null,"damage_taken":0,"damage_healed":0,"max_hp_loss":0,"max_hp_gain":0,"gold_gain":0,"gold_loss":0},{"event_name":"Ghosts","player_choice":"Ignored","floor":25,"cards_obtained":null,"cards_removed":null,"cards_transformed":null,"cards_upgraded":null,"relics_obtained":null,"potions_obtained":null,"relics_lost":null,"damage_taken":0,"damage_healed":0,"max_hp_loss":0,"max_hp_gain":0,"gold_gain":0,"gold_loss":0}],"boss_relics":[{"picked":"Tiny House","not_picked":["HoveringKite","Runic Dome"]}],"damage_taken":[{"floor":1,"enemies":"Jaw Worm","damage":7,"turns":4},{"floor":2,"enemies":"Small Slimes","damage":5,"turns":4},{"floor":7,"enemies":"Cultist","damage":0,"turns":3},{"floor":8,"enemies":"Lagavulin","damage":10,"turns":4},{"floor":10,"enemies":"3 Sentries","damage":11,"turns":6},{"floor":11,"enemies":"Large Slime","damage":0,"turns":2},{"floor":13,"enemies":"Lagavulin","damage":0,"turns":4},{"floor":16,"enemies":"Slime Boss","damage":0,"turns":5},{"floor":18,"enemies":"Spheric Guardian","damage":10,"turns":3},{"floor":19,"enemies":"2 Thieves","damage":10,"turns":2},{"floor":23,"enemies":"Slavers","damage":8,"turns":4},{"floor":24,"enemies":"Shelled Parasite and Fungi","damage":0,"turns":3},{"floor":29,"enemies":"Cultist and Chosen","damage":1,"turns":3},{"floor":30,"enemies":"Book of Stabbing","damage":25,"turns":3},{"floor":31,"enemies":"3 Cultists","damage":10,"turns":2}],"potions_obtained":[{"key":"BlessingOfTheForge","floor":2},{"key":"FearPotion","floor":8},{"key":"LiquidBronze","floor":11},{"key":"EssenceOfSteel","floor":17},{"key":"FearPotion","floor":18},{"key":"CunningPotion","floor":22},{"key":"DuplicationPotion","floor":29}],"relics_obtained":[{"key":"TungstenRod","floor":8},{"key":"Bronze Scales","floor":9},{"key":"Ancient Tea Set","floor":10},{"key":"PreservedInsect","floor":13},{"key":"Omamori","floor":23},{"key":"Ninja Scroll","floor":26},{"key":"Matryoshka","floor":30}],"campfire_choices":[{"floor":6,"key":"SMITH","data":"Blade Dance"},{"floor":15,"key":"SMITH","data":"Noxious Fumes"},{"floor":27,"key":"SMITH","data":"Envenom"}],"circlet_count":0,"win_rate":0,"killed_by":"3 Cultists"}