{"play_id":"e6da9160-52c0-42d3-beb4-e1d98b157b0d","build_version":"2020-01-27","seed_played":"122130118801559692","chose_seed":false,"seed_source_timestamp":0,"is_daily":false,"special_seed":0,"is_trial":false,"is_endless":false,"is_ascension_mode":true,"ascension_level":10,"neow_bonus":"THREE_RARE_CARDS","neow_cost":"TEN_PERCENT_HP_LOSS","is_beta":false,"is_prod":false,"victory":false,"floor_reached":7,"score":59,"timestamp":1701623942,"local_time":"12/03/2023 17:19:02","playtime":276,"player_experience":407304,"master_deck":["AscendersBane","Strike_G","Strike_G","Strike_G","Strike_G","Defend_G","Defend_G","Defend_G","Defend_G","Defend_G","Survivor","Neutralize","Burst","Catalyst+1","Leg Sweep","Setup"],"relics":["Ring of the Snake"],"gold":201,"campfire_rested":0,"campfire_upgraded":1,"purchased_purges":0,"potions_floor_spawned":[1],"potions_floor_usage":[],"current_hp_per_floor":[62,62,62,56,56,56,51],"max_hp_per_floor":[63,63,63,63,63,63,63],"gold_per_floor":[113,113,113,188,201,201,201],"path_per_floor":["M","?","?","?","M","R","E"],"path_taken":["M","?","?","?","M","R","E"],"items_purchased":[],"item_purchase_floors":[],"items_purged":[],"items_purged_floors":[],"character_chosen":"THE_SILENT","card_choices":[{"picked":"Burst","not_picked":["A Thousand Cuts","Unload"],"floor":0},{"picked":"Catalyst","not_picked":["Choke","Acrobatics"],"floor":1},{"picked":"Setup","not_picked":["Reflex","Deflect"],"floor":5}],"event_choices":[{"event_name":"Living Wall","player_choice":"Change","floor":2,"cards_obtained":["Leg Sweep"],"cards_removed":null,"cards_transformed":["Strike_G"],"cards_upgraded":null,"relics_obtained":null,"potions_obtained":null,"relics_lost":null,"damage_taken":0,"damage_healed":0,"max_hp_loss":0,"max_hp_gain":0,"gold_gain":0,"gold_loss":0},{"event_name":"The Cleric","player_choice":"Leave","floor":3,"cards_obtained":null,"cards_removed":null,"cards_transformed":null,"cards_upgraded":null,"relics_obtained":null,"potions_obtained":null,"relics_lost":null,"damage_taken":0,"damage_healed":0,"max_hp_loss":0,"max_hp_gain":0,"gold_gain":0,"gold_loss":0},{"event_name":"FaceTrader","player_choice":"Touch","floor":4,"cards_obtained":null,"cards_removed":null,"cards_transformed":null,"cards_upgraded":null,"relics_obtained":null,"potions_obtained":null,"relics_lost":null,"damage_taken":6,"damage_healed":0,"max_hp_loss":0,"max_hp_gain":0,"gold_gain":75,"gold_loss":0}],"boss_relics":[],"damage_taken":[{"floor":1,"enemies":"2 Louse","damage":1,"turns":4},{"floor":5,"enemies":"Small Slimes","damage":0,"turns":6},{"floor":7,"enemies":"Lagavulin","damage":5,"turns":6}],"potions_obtained":[{"key":"Block Potion","floor":1}],"relics_obtained":[],"campfire_choices":[{"floor":6,"key":"SMITH","data":"Catalyst"}],"circlet_count":0,"win_rate":0,"killed_by":"Lagavulin"}