{"play_id":"66b72e5a-522a-427d-9b53-2259d802f98d","build_version":"2020-01-27","seed_played":"-3138591395677967383","chose_seed":false,"seed_source_timestamp":0,"is_daily":false,"special_seed":0,"is_trial":false,"is_endless":false,"is_ascension_mode":true,"ascension_level":10,"neow_bonus":"ONE_RANDOM_RARE_CARD","neow_cost":"NONE","is_beta":false,"is_prod":false,"victory":false,"floor_reached":23,"score":348,"timestamp":1701394544,"local_time":"12/01/2023 01:35:44","playtime":896,"player_experience":395098,"master_deck":["AscendersBane","Strike_G+1","Strike_G","Strike_G","Strike_G","Defend_G","Defend_G","Defend_G","Defend_G","Survivor","Neutralize","Burst+1","Finisher+1","Deadly Poison","Endless Agony","A Thousand Cuts+1","Deadly Poison","Noxious Fumes","Blade Dance","After Image","Catalyst","Blur"],"relics":["Ring of the Snake","Oddly Smooth Stone","TungstenRod","Question Card","Bottled Flame","Runic Pyramid","Strawberry","SsserpentHead"],"gold":109,"campfire_rested":1,"campfire_upgraded":2,"purchased_purges":1,"potions_floor_spawned":[1,6,10,14,18],"potions_floor_usage":[22],"current_hp_per_floor":[63,63,63,63,63,34,34,34,34,22,22,9,9,9,30,11,55,38,45,45,45,16,0],"max_hp_per_floor":[70,70,70,70,70,70,70,70,70,70,70,70,70,70,70,70,70,70,77,77,77,77,77],"gold_per_floor":[114,128,78,3,14,39,39,69,69,98,98,98,0,17,17,118,118,129,44,44,44,109,109],"path_per_floor":["M","M","?","$","M","E","R","E","T","E","R","?","$","M","R","B","ul","M","?","?","$","M","E"],"path_taken":["M","M","?","$","M","E","R","E","T","E","R","?","$","M","R","BOSS","M","?","?","$","?","E"],"items_purchased":["Block Potion","AttackPotion"],"item_purchase_floors":[13,13],"items_purged":["Strike_G"],"items_purged_floors":[4],"character_chosen":"THE_SILENT","card_choices":[{"picked":"Finisher","not_picked":["Deflect","Escape Plan"],"floor":1},{"picked":"Deadly Poison","not_picked":["Backflip","Dagger Throw"],"floor":2},{"picked":"Endless Agony","not_picked":["Expertise","PiercingWail"],"floor":5},{"picked":"A Thousand Cuts","not_picked":["Flechettes","Poisoned Stab"],"floor":6},{"picked":"Deadly Poison","not_picked":["Footwork","Flying Knee"],"floor":8},{"picked":"Noxious Fumes","not_picked":["Prepared","Slice","Endless Agony"],"floor":10},{"picked":"Blade Dance","not_picked":["Predator","Poisoned Stab","Bane"],"floor":14},{"picked":"After Image","not_picked":["Bullet Time","Venomology","Doppelganger"],"floor":16},{"picked":"Catalyst","not_picked":["Flying Knee","Prepared","Poisoned Stab+1"],"floor":18},{"picked":"Blur","not_picked":["Acrobatics","Backflip","PiercingWail"],"floor":22}],"event_choices":[{"event_name":"The Cleric","player_choice":"Card Removal","floor":3,"cards_obtained":null,"cards_removed":["Defend_G"],"cards_transformed":null,"cards_upgraded":null,"relics_obtained":null,"potions_obtained":null,"relics_lost":null,"damage_taken":0,"damage_healed":0,"max_hp_loss":0,"max_hp_gain":0,"gold_gain":0,"gold_loss":50},{"event_name":"Shining Light","player_choice":"Entered Light","floor":12,"cards_obtained":null,"cards_removed":null,"cards_transformed":null,"cards_upgraded":["Strike_G","Finisher"],"relics_obtained":null,"potions_obtained":null,"relics_lost":null,"damage_taken":14,"damage_healed":0,"max_hp_loss":0,"max_hp_gain":0,"gold_gain":0,"gold_loss":0},{"event_name":"Addict","player_choice":"Obtained Relic","floor":19,"cards_obtained":null,"cards_removed":null,"cards_transformed":null,"cards_upgraded":null,"relics_obtained":["Strawberry"],"potions_obtained":null,"relics_lost":null,"damage_taken":0,"damage_healed":0,"max_hp_loss":0,"max_hp_gain":0,"gold_gain":0,"gold_loss":85},{"event_name":"FaceTrader","player_choice":"Trade","floor":20,"cards_obtained":null,"cards_removed":null,"cards_transformed":null,"cards_upgraded":null,"relics_obtained":["SsserpentHead"],"potions_obtained":null,"relics_lost":null,"damage_taken":0,"damage_healed":0,"max_hp_loss":0,"max_hp_gain":0,"gold_gain":0,"gold_loss":0}],"boss_relics":[{"picked":"Runic Pyramid","not_picked":["Snecko Eye","Pandora's Box"]}],"damage_taken":[{"floor":1,"enemies":"Small Slimes","damage":0,"turns":4},{"floor":2,"enemies":"2 Louse","damage":0,"turns":4},{"floor":5,"enemies":"Jaw Worm","damage":0,"turns":5},{"floor":6,"enemies":"3 Sentries","damage":29,"turns":9},{"floor":8,"enemies":"Gremlin Nob","damage":0,"turns":2},{"floor":10,"enemies":"Lagavulin","damage":12,"turns":7},{"floor":14,"enemies":"2 Fungi Beasts","damage":0,"turns":2},{"floor":16,"enemies":"Slime Boss","damage":19,"turns":7},{"floor":18,"enemies":"Shell Parasite","damage":17,"turns":5},{"floor":22,"enemies":"Spheric Guardian","damage":29,"turns":6},{"floor":23,"enemies":"Slavers","damage":22,"turns":1}],"potions_obtained":[{"key":"CunningPotion","floor":1},{"key":"DistilledChaos","floor":6},{"key":"Energy Potion","floor":10},{"key":"Block Potion","floor":14},{"key":"LiquidMemories","floor":18}],"relics_obtained":[{"key":"Oddly Smooth Stone","floor":6},{"key":"TungstenRod","floor":8},{"key":"Question Card","floor":9},{"key":"Bottled Flame","floor":10}],"campfire_choices":[{"floor":7,"key":"SMITH","data":"A Thousand Cuts"},{"floor":11,"key":"SMITH","data":"Burst"},{"floor":15,"key":"REST"}],"circlet_count":0,"win_rate":0,"killed_by":"Slavers"}