{"play_id":"30b02e1f-c42b-4418-92fc-43732656433f","build_version":"2020-01-27","seed_played":"1057641917668519236","chose_seed":false,"seed_source_timestamp":1171399263070,"is_daily":false,"special_seed":null,"is_trial":false,"is_endless":false,"is_ascension_mode":true,"ascension_level":10,"neow_bonus":"THREE_ENEMY_KILL","neow_cost":"NONE","is_beta":false,"is_prod":false,"victory":false,"floor_reached":29,"score":441,"timestamp":1701579594,"local_time":"12/03/2023 04:59:54","playtime":1255,"player_experience":404041,"master_deck":["AscendersBane","Strike_G","Strike_G","Strike_G","Strike_G","Defend_G","Defend_G","Defend_G","Defend_G","Defend_G","Survivor","Neutralize","Sucker Punch","Poisoned Stab","Regret","Catalyst+1","PiercingWail","Envenom+1","Malaise+1","Infinite Blades","Adrenaline+1","Noxious Fumes+1"],"relics":["Ring of the Snake","NeowsBlessing","MealTicket","Potion Belt","Omamori","Ninja Scroll","Eternal Feather","Busted Crown","Du-Vu Doll","Darkstone Periapt"],"gold":46,"campfire_rested":0,"campfire_upgraded":5,"purchased_purges":1,"potions_floor_spawned":[2,10,18,27],"potions_floor_usage":[7,12,21,24,29],"current_hp_per_floor":[63,63,63,63,70,70,63,48,48,42,42,7,24,39,51,9,55,50,50,65,65,36,48,48,60,60,8,23,0],"max_hp_per_floor":[70,70,70,70,70,70,70,70,70,70,70,70,70,70,70,70,70,70,70,70,70,70,70,70,70,70,70,70,70],"gold_per_floor":[113,133,133,133,8,8,40,57,57,72,72,101,66,32,32,130,130,145,145,66,82,96,96,96,96,96,121,46,46],"path_per_floor":["M","M","?","T","$","R","E","M","T","M","R","E","?","$","R","B",null,"M","?","$","M","M","R","E","R","T","E","$","M"],"path_taken":["M","M","?","?","$","R","E","M","T","M","R","E","?","$","R","BOSS","M","?","$","M","M","R","E","R","T","E","$","M"],"items_purchased":["Catalyst","Poison Potion","Infinite Blades","Noxious Fumes"],"item_purchase_floors":[5,5,14,20],"items_purged":["Strike_G"],"items_purged_floors":[28],"character_chosen":"THE_SILENT","card_choices":[{"picked":"Sucker Punch","not_picked":["Calculated Gamble","PiercingWail"],"floor":1},{"picked":"Poisoned Stab","not_picked":["Dagger Throw","Predator"],"floor":2},{"picked":"PiercingWail","not_picked":["Outmaneuver","Skewer"],"floor":7},{"picked":"SKIP","not_picked":["Tactician","Acrobatics","Terror"],"floor":8},{"picked":"Envenom","not_picked":["Slice","Outmaneuver"],"floor":10},{"picked":"Malaise","not_picked":["Slice","PiercingWail"],"floor":12},{"picked":"Adrenaline","not_picked":["Phantasmal Killer","Glass Knife"],"floor":16},{"picked":"SKIP","not_picked":["Underhanded Strike"],"floor":18},{"picked":"SKIP","not_picked":["Quick Slash"],"floor":21},{"picked":"SKIP","not_picked":["Outmaneuver"],"floor":22},{"picked":"SKIP","not_picked":["Flechettes+1"],"floor":27}],"event_choices":[{"event_name":"Big Fish","player_choice":"Box","floor":3,"cards_obtained":["Regret"],"cards_removed":null,"cards_transformed":null,"cards_upgraded":null,"relics_obtained":["MealTicket"],"potions_obtained":null,"relics_lost":null,"damage_taken":0,"damage_healed":0,"max_hp_loss":0,"max_hp_gain":0,"gold_gain":0,"gold_loss":0},{"event_name":"The Cleric","player_choice":"Healed","floor":13,"cards_obtained":null,"cards_removed":null,"cards_transformed":null,"cards_upgraded":null,"relics_obtained":null,"potions_obtained":null,"relics_lost":null,"damage_taken":0,"damage_healed":17,"max_hp_loss":0,"max_hp_gain":0,"gold_gain":0,"gold_loss":35},{"event_name":"Match and Keep!","player_choice":"0 cards matched","floor":19,"cards_obtained":[],"cards_removed":null,"cards_transformed":null,"cards_upgraded":null,"relics_obtained":null,"potions_obtained":null,"relics_lost":null,"damage_taken":0,"damage_healed":0,"max_hp_loss":0,"max_hp_gain":0,"gold_gain":0,"gold_loss":0}],"boss_relics":[{"picked":"Busted Crown","not_picked":["SacredBark","SlaversCollar"]}],"damage_taken":[{"floor":1,"enemies":"Jaw Worm","damage":0,"turns":1},{"floor":2,"enemies":"2 Louse","damage":0,"turns":1},{"floor":7,"enemies":"Lagavulin","damage":7,"turns":3},{"floor":8,"enemies":"Small Slimes","damage":15,"turns":4},{"floor":10,"enemies":"Exordium Wildlife","damage":6,"turns":4},{"floor":12,"enemies":"3 Sentries","damage":35,"turns":10},{"floor":16,"enemies":"The Guardian","damage":42,"turns":11},{"floor":18,"enemies":"Chosen","damage":5,"turns":4},{"floor":21,"enemies":"3 Byrds","damage":0,"turns":5},{"floor":22,"enemies":"3 Cultists","damage":29,"turns":6},{"floor":24,"enemies":"Gremlin Leader","damage":0,"turns":3},{"floor":27,"enemies":"Slavers","damage":52,"turns":7},{"floor":29,"enemies":"Shelled Parasite and Fungi","damage":31,"turns":4}],"potions_obtained":[{"key":"Fire Potion","floor":2},{"key":"SmokeBomb","floor":10},{"key":"CunningPotion","floor":18},{"key":"ColorlessPotion","floor":27}],"relics_obtained":[{"key":"Potion Belt","floor":4},{"key":"Omamori","floor":7},{"key":"Ninja Scroll","floor":9},{"key":"Eternal Feather","floor":12},{"key":"Du-Vu Doll","floor":26},{"key":"Darkstone Periapt","floor":27}],"campfire_choices":[{"floor":6,"key":"SMITH","data":"Catalyst"},{"floor":11,"key":"SMITH","data":"Envenom"},{"floor":15,"key":"SMITH","data":"Malaise"},{"floor":23,"key":"SMITH","data":"Noxious Fumes"},{"floor":25,"key":"SMITH","data":"Adrenaline"}],"circlet_count":0,"win_rate":0,"killed_by":"Shelled Parasite and Fungi"}