{"play_id":"6b46f98a-a658-43e3-bb8a-fa86fa689786","build_version":"2020-01-27","seed_played":"-1433254418039759802","chose_seed":false,"seed_source_timestamp":581054017806,"is_daily":false,"special_seed":null,"is_trial":false,"is_endless":false,"is_ascension_mode":true,"ascension_level":10,"neow_bonus":"THREE_ENEMY_KILL","neow_cost":"NONE","is_beta":false,"is_prod":false,"victory":false,"floor_reached":12,"score":117,"timestamp":1701441462,"local_time":"12/01/2023 14:37:42","playtime":500,"player_experience":397143,"master_deck":["AscendersBane","Strike_G","Strike_G","Strike_G","Strike_G","Defend_G","Defend_G","Defend_G","Defend_G","Defend_G","Survivor","Neutralize","Catalyst+1","Bouncing Flask","Well Laid Plans","Flying Knee","Burst+1"],"relics":["Ring of the Snake","NeowsBlessing","Toxic Egg 2","Golden Idol","Tingsha","CaptainsWheel"],"gold":22,"campfire_rested":0,"campfire_upgraded":1,"purchased_purges":0,"potions_floor_spawned":[3],"potions_floor_usage":[12],"current_hp_per_floor":[63,63,63,63,63,58,41,41,41,38,38,0],"max_hp_per_floor":[70,70,70,70,70,70,70,70,70,70,70,70],"gold_per_floor":[110,110,123,135,149,177,177,177,177,177,22,22],"path_per_floor":["M","?","M","M","M","E","?","R","T","?","$","E"],"path_taken":["M","?","M","M","?","E","?","R","T","?","$","E"],"items_purchased":["Burst+1"],"item_purchase_floors":[11],"items_purged":[],"items_purged_floors":[],"character_chosen":"THE_SILENT","card_choices":[{"picked":"Catalyst","not_picked":["Deflect","PiercingWail"],"floor":1},{"picked":"SKIP","not_picked":["Dagger Spray","Acrobatics","Underhanded Strike"],"floor":3},{"picked":"Bouncing Flask","not_picked":["Riddle With Holes","Calculated Gamble"],"floor":4},{"picked":"Well Laid Plans","not_picked":["Quick Slash","Eviscerate"],"floor":5},{"picked":"Flying Knee","not_picked":["Well Laid Plans","Outmaneuver+1"],"floor":6}],"event_choices":[{"event_name":"Wheel of Change","player_choice":"Card Removal","floor":2,"cards_obtained":null,"cards_removed":["Strike_G"],"cards_transformed":null,"cards_upgraded":null,"relics_obtained":null,"potions_obtained":null,"relics_lost":null,"damage_taken":0,"damage_healed":0,"max_hp_loss":0,"max_hp_gain":0,"gold_gain":0,"gold_loss":0},{"event_name":"Golden Idol","player_choice":"Take Damage","floor":7,"cards_obtained":null,"cards_removed":null,"cards_transformed":null,"cards_upgraded":null,"relics_obtained":["Golden Idol"],"potions_obtained":null,"relics_lost":null,"damage_taken":17,"damage_healed":0,"max_hp_loss":0,"max_hp_gain":0,"gold_gain":0,"gold_loss":0},{"event_name":"Scrap Ooze","player_choice":"Success","floor":10,"cards_obtained":null,"cards_removed":null,"cards_transformed":null,"cards_upgraded":null,"relics_obtained":["CaptainsWheel"],"potions_obtained":null,"relics_lost":null,"damage_taken":3,"damage_healed":0,"max_hp_loss":0,"max_hp_gain":0,"gold_gain":0,"gold_loss":0}],"boss_relics":[],"damage_taken":[{"floor":1,"enemies":"Cultist","damage":0,"turns":1},{"floor":3,"enemies":"2 Louse","damage":0,"turns":1},{"floor":4,"enemies":"Small Slimes","damage":0,"turns":1},{"floor":5,"enemies":"2 Fungi Beasts","damage":0,"turns":3},{"floor":6,"enemies":"Lagavulin","damage":5,"turns":7},{"floor":12,"enemies":"3 Sentries","damage":40,"turns":5}],"potions_obtained":[{"key":"Dexterity Potion","floor":3}],"relics_obtained":[{"key":"Toxic Egg 2","floor":6},{"key":"Tingsha","floor":9}],"campfire_choices":[{"floor":8,"key":"SMITH","data":"Catalyst"}],"circlet_count":0,"win_rate":0,"killed_by":"3 Sentries"}