{"play_id":"163152f6-fba7-42e8-9187-5989ed90ebfd","build_version":"2020-01-27","seed_played":"1706070433687475161","chose_seed":false,"seed_source_timestamp":0,"is_daily":false,"special_seed":0,"is_trial":false,"is_endless":false,"is_ascension_mode":true,"ascension_level":10,"neow_bonus":"BOSS_RELIC","neow_cost":"NONE","is_beta":false,"is_prod":false,"victory":false,"floor_reached":14,"score":150,"timestamp":1701141033,"local_time":"11/28/2023 03:10:33","playtime":649,"player_experience":383945,"master_deck":["AscendersBane","Strike_G","Strike_G","Strike_G","Strike_G","Defend_G","Defend_G","Defend_G","Defend_G","Defend_G","Survivor","Neutralize","Choke+1","Sucker Punch","Blade Dance","Dash","Dash","Outmaneuver","A Thousand Cuts","Deadly Poison"],"relics":["Ectoplasm","Dream Catcher","Golden Idol","Bronze Scales","Orichalcum","Omamori"],"gold":84,"campfire_rested":0,"campfire_upgraded":1,"purchased_purges":0,"potions_floor_spawned":[1,7],"potions_floor_usage":[14],"current_hp_per_floor":[63,38,21,44,44,44,44,29,29,29,29,24,15,0],"max_hp_per_floor":[70,70,70,70,70,70,70,70,70,70,70,70,70,70],"gold_per_floor":[99,99,99,99,99,99,99,99,99,84,84,84,84,84],"path_per_floor":["M","?","?","?","M","R","M","E","T","M","?","E","M","E"],"path_taken":["M","?","?","?","M","R","M","E","T","M","?","E","M","E"],"items_purchased":[],"item_purchase_floors":[],"items_purged":[],"items_purged_floors":[],"character_chosen":"THE_SILENT","card_choices":[{"picked":"Choke","not_picked":["Quick Slash","Prepared"],"floor":1},{"picked":"Sucker Punch","not_picked":["Bane","Underhanded Strike"],"floor":5},{"picked":"Blade Dance","not_picked":["Deadly Poison","Footwork"],"floor":7},{"picked":"Dash","not_picked":["Caltrops","Prepared"],"floor":8},{"picked":"Dash","not_picked":["Prepared","Sucker Punch"],"floor":10},{"picked":"A Thousand Cuts","not_picked":["Deflect","All Out Attack"],"floor":12},{"picked":"Deadly Poison","not_picked":["Dodge and Roll","Expertise"],"floor":13}],"event_choices":[{"event_name":"Scrap Ooze","player_choice":"Success","floor":2,"cards_obtained":null,"cards_removed":null,"cards_transformed":null,"cards_upgraded":null,"relics_obtained":["Dream Catcher"],"potions_obtained":null,"relics_lost":null,"damage_taken":25,"damage_healed":0,"max_hp_loss":0,"max_hp_gain":0,"gold_gain":0,"gold_loss":0},{"event_name":"Golden Idol","player_choice":"Take Damage","floor":3,"cards_obtained":null,"cards_removed":null,"cards_transformed":null,"cards_upgraded":null,"relics_obtained":["Golden Idol"],"potions_obtained":null,"relics_lost":null,"damage_taken":17,"damage_healed":0,"max_hp_loss":0,"max_hp_gain":0,"gold_gain":0,"gold_loss":0},{"event_name":"Big Fish","player_choice":"Banana","floor":4,"cards_obtained":null,"cards_removed":null,"cards_transformed":null,"cards_upgraded":null,"relics_obtained":null,"potions_obtained":null,"relics_lost":null,"damage_taken":0,"damage_healed":23,"max_hp_loss":0,"max_hp_gain":0,"gold_gain":0,"gold_loss":0},{"event_name":"Living Wall","player_choice":"Change","floor":11,"cards_obtained":["Outmaneuver"],"cards_removed":null,"cards_transformed":["Strike_G"],"cards_upgraded":null,"relics_obtained":null,"potions_obtained":null,"relics_lost":null,"damage_taken":0,"damage_healed":0,"max_hp_loss":0,"max_hp_gain":0,"gold_gain":0,"gold_loss":0}],"boss_relics":[],"damage_taken":[{"floor":1,"enemies":"2 Louse","damage":0,"turns":4},{"floor":5,"enemies":"Jaw Worm","damage":0,"turns":3},{"floor":7,"enemies":"Small Slimes","damage":0,"turns":1},{"floor":8,"enemies":"3 Sentries","damage":15,"turns":9},{"floor":10,"enemies":"Looter","damage":0,"turns":2},{"floor":12,"enemies":"Gremlin Nob","damage":5,"turns":4},{"floor":13,"enemies":"Exordium Wildlife","damage":9,"turns":4},{"floor":14,"enemies":"Lagavulin","damage":19,"turns":5}],"potions_obtained":[{"key":"Explosive Potion","floor":1},{"key":"SpeedPotion","floor":7}],"relics_obtained":[{"key":"Bronze Scales","floor":8},{"key":"Orichalcum","floor":9},{"key":"Omamori","floor":12}],"campfire_choices":[{"floor":6,"key":"SMITH","data":"Choke"}],"circlet_count":0,"win_rate":0,"killed_by":"Lagavulin"}