{"play_id":"9e4e759e-d352-4ad4-a91d-cb5129ccfaa5","build_version":"2020-01-27","seed_played":"7633748754018903097","chose_seed":false,"seed_source_timestamp":2027192515313,"is_daily":false,"special_seed":null,"is_trial":false,"is_endless":false,"is_ascension_mode":true,"ascension_level":10,"neow_bonus":"TRANSFORM_CARD","neow_cost":"NONE","is_beta":false,"is_prod":false,"victory":false,"floor_reached":11,"score":109,"timestamp":1701733234,"local_time":"12/04/2023 23:40:34","playtime":485,"player_experience":408127,"master_deck":["AscendersBane","Strike_G","Strike_G","Strike_G","Strike_G","Defend_G","Defend_G","Defend_G","Defend_G","Survivor","Neutralize","Blade Dance","Sucker Punch","Poisoned Stab+1","Quick Slash","Bane","Well Laid Plans","Calculated Gamble"],"relics":["Ring of the Snake","Spirit Poop","Shovel","Darkstone Periapt"],"gold":360,"campfire_rested":0,"campfire_upgraded":1,"purchased_purges":0,"potions_floor_spawned":[8,10],"potions_floor_usage":[11],"current_hp_per_floor":[59,59,59,56,56,56,56,38,38,8,0],"max_hp_per_floor":[70,70,70,70,70,70,70,70,70,70,75],"gold_per_floor":[114,114,289,302,302,312,312,325,325,360,360],"path_per_floor":["M","?","?","M","?","M","R","M","T","E","M"],"path_taken":["M","?","?","M","?","M","R","M","T","E","?"],"items_purchased":[],"item_purchase_floors":[],"items_purged":[],"items_purged_floors":[],"character_chosen":"THE_SILENT","card_choices":[{"picked":"Sucker Punch","not_picked":["Dodge and Roll","Prepared"],"floor":1},{"picked":"Quick Slash","not_picked":["Underhanded Strike","Acrobatics"],"floor":4},{"picked":"Bane","not_picked":["Outmaneuver","Deflect"],"floor":6},{"picked":"Well Laid Plans","not_picked":["Dagger Spray","Setup"],"floor":8},{"picked":"Calculated Gamble","not_picked":["Masterful Stab","Well Laid Plans"],"floor":10}],"event_choices":[{"event_name":"Living Wall","player_choice":"Change","floor":2,"cards_obtained":["Poisoned Stab"],"cards_removed":null,"cards_transformed":["Defend_G"],"cards_upgraded":null,"relics_obtained":null,"potions_obtained":null,"relics_lost":null,"damage_taken":0,"damage_healed":0,"max_hp_loss":0,"max_hp_gain":0,"gold_gain":0,"gold_loss":0},{"event_name":"Liars Game","player_choice":"AGREE","floor":3,"cards_obtained":["Doubt"],"cards_removed":null,"cards_transformed":null,"cards_upgraded":null,"relics_obtained":null,"potions_obtained":null,"relics_lost":null,"damage_taken":0,"damage_healed":0,"max_hp_loss":0,"max_hp_gain":0,"gold_gain":175,"gold_loss":0},{"event_name":"Bonfire Elementals","player_choice":"Offered Curse","floor":5,"cards_obtained":null,"cards_removed":["Doubt"],"cards_transformed":null,"cards_upgraded":null,"relics_obtained":["Spirit Poop"],"potions_obtained":null,"relics_lost":null,"damage_taken":0,"damage_healed":0,"max_hp_loss":0,"max_hp_gain":0,"gold_gain":0,"gold_loss":0}],"boss_relics":[],"damage_taken":[{"floor":1,"enemies":"Jaw Worm","damage":4,"turns":3},{"floor":4,"enemies":"2 Louse","damage":3,"turns":2},{"floor":6,"enemies":"Cultist","damage":0,"turns":3},{"floor":8,"enemies":"Large Slime","damage":18,"turns":4},{"floor":10,"enemies":"Gremlin Nob","damage":30,"turns":4},{"floor":11,"enemies":"Lots of Slimes","damage":16,"turns":1}],"potions_obtained":[{"key":"Fruit Juice","floor":8},{"key":"Ancient Potion","floor":10}],"relics_obtained":[{"key":"Shovel","floor":9},{"key":"Darkstone Periapt","floor":10}],"campfire_choices":[{"floor":7,"key":"SMITH","data":"Poisoned Stab"}],"circlet_count":0,"win_rate":0,"killed_by":"Lots of Slimes"}