{"play_id":"b63a2f9e-4b20-429b-9d4b-d02952f0d81d","build_version":"2020-01-27","seed_played":"1583310332878805686","chose_seed":false,"seed_source_timestamp":2082400654027,"is_daily":false,"special_seed":null,"is_trial":false,"is_endless":false,"is_ascension_mode":true,"ascension_level":10,"neow_bonus":"BOSS_RELIC","neow_cost":"NONE","is_beta":false,"is_prod":false,"victory":false,"floor_reached":8,"score":84,"timestamp":1701752267,"local_time":"12/05/2023 04:57:47","playtime":327,"player_experience":410533,"master_deck":["AscendersBane","Strike_G","Strike_G+1","Strike_G","Strike_G","Strike_G","Defend_G","Defend_G","Defend_G","Defend_G+1","Defend_G","Survivor","Neutralize","Well Laid Plans","Noxious Fumes+1","Bane"],"relics":["Philosopher's Stone","The Specimen","InkBottle"],"gold":171,"campfire_rested":0,"campfire_upgraded":1,"purchased_purges":0,"potions_floor_spawned":[5],"potions_floor_usage":[],"current_hp_per_floor":[58,58,53,39,39,39,5,0],"max_hp_per_floor":[70,70,70,70,70,70,70,70],"gold_per_floor":[109,109,129,129,146,146,171,171],"path_per_floor":["M","?","M","?","M","R","E","M"],"path_taken":["M","?","?","?","M","R","E","M"],"items_purchased":[],"item_purchase_floors":[],"items_purged":[],"items_purged_floors":[],"character_chosen":"THE_SILENT","card_choices":[{"picked":"Quick Slash","not_picked":["Slice","Prepared"],"floor":1},{"picked":"Well Laid Plans","not_picked":["Flying Knee","Slice"],"floor":3},{"picked":"Noxious Fumes","not_picked":["Well Laid Plans","Outmaneuver"],"floor":5},{"picked":"Bane","not_picked":["Dagger Throw","Outmaneuver"],"floor":7}],"event_choices":[{"event_name":"WeMeetAgain","player_choice":"Gave Card","floor":2,"cards_obtained":null,"cards_removed":["Quick Slash"],"cards_transformed":null,"cards_upgraded":null,"relics_obtained":["The Specimen"],"potions_obtained":null,"relics_lost":null,"damage_taken":0,"damage_healed":0,"max_hp_loss":0,"max_hp_gain":0,"gold_gain":0,"gold_loss":0},{"event_name":"Shining Light","player_choice":"Entered Light","floor":4,"cards_obtained":null,"cards_removed":null,"cards_transformed":null,"cards_upgraded":["Defend_G","Strike_G"],"relics_obtained":null,"potions_obtained":null,"relics_lost":null,"damage_taken":14,"damage_healed":0,"max_hp_loss":0,"max_hp_gain":0,"gold_gain":0,"gold_loss":0}],"boss_relics":[],"damage_taken":[{"floor":1,"enemies":"Small Slimes","damage":5,"turns":5},{"floor":3,"enemies":"Cultist","damage":5,"turns":5},{"floor":5,"enemies":"Jaw Worm","damage":0,"turns":4},{"floor":7,"enemies":"Gremlin Nob","damage":34,"turns":5},{"floor":8,"enemies":"Gremlin Gang","damage":9,"turns":1}],"potions_obtained":[{"key":"SpeedPotion","floor":5}],"relics_obtained":[{"key":"InkBottle","floor":7}],"campfire_choices":[{"floor":6,"key":"SMITH","data":"Noxious Fumes"}],"circlet_count":0,"win_rate":0,"killed_by":"Gremlin Gang"}