{"play_id":"1bf5f408-7238-432f-919a-0eb625e472f6","build_version":"2020-01-27","seed_played":"1005146549377553019","chose_seed":false,"seed_source_timestamp":122380024863,"is_daily":false,"special_seed":null,"is_trial":false,"is_endless":false,"is_ascension_mode":true,"ascension_level":10,"neow_bonus":"BOSS_RELIC","neow_cost":"NONE","is_beta":false,"is_prod":false,"victory":false,"floor_reached":30,"score":372,"timestamp":1701368248,"local_time":"11/30/2023 18:17:28","playtime":1063,"player_experience":394035,"master_deck":["AscendersBane","Defend_G","Defend_G","Defend_G","Survivor","Neutralize","Predator","Well Laid Plans","Bouncing Flask","Bouncing Flask+1","Skewer","Corpse Explosion","Riddle With Holes+1","Eviscerate+1","Catalyst+1","Backflip+1","Regret","Deadly Poison+1"],"relics":["Velvet Choker","Peace Pipe","Happy Flower","Sundial","Astrolabe","Letter Opener","Anchor","Membership Card","The Specimen","Unceasing Top"],"gold":299,"campfire_rested":1,"campfire_upgraded":1,"purchased_purges":0,"potions_floor_spawned":[1,11,16,20,24],"potions_floor_usage":[6,8,11,18,20,29,30],"current_hp_per_floor":[62,62,62,62,62,50,50,50,50,50,32,29,22,15,15,3,53,47,70,45,45,36,36,21,21,21,21,42,21,0],"max_hp_per_floor":[70,70,70,70,70,70,70,70,70,70,70,70,70,70,70,70,70,70,70,70,70,70,70,70,70,70,70,70,70,70],"gold_per_floor":[114,34,34,50,50,80,80,99,99,99,114,129,129,129,129,231,231,246,246,264,264,277,277,310,8,8,283,283,299,299],"path_per_floor":["M","$","?","M","T","E","R","M","T","R","M","M","?","?","R","B",null,"M","?","M","T","M","R","E","$","T","?","R","M","E"],"path_taken":["M","$","?","?","?","E","R","?","T","R","M","M","?","?","R","BOSS","M","?","?","?","M","R","E","$","T","?","R","M","E"],"items_purchased":["Well Laid Plans","Membership Card","The Specimen"],"item_purchase_floors":[2,25,25],"items_purged":[],"items_purged_floors":[],"character_chosen":"THE_SILENT","card_choices":[{"picked":"Predator","not_picked":["Setup","Backflip"],"floor":1},{"picked":"SKIP","not_picked":["Heel Hook","Reflex","Dagger Spray"],"floor":4},{"picked":"SKIP","not_picked":["Blade Dance","Slice","Prepared"],"floor":6},{"picked":"Bouncing Flask","not_picked":["Underhanded Strike","Tactician"],"floor":8},{"picked":"Bouncing Flask","not_picked":["Poisoned Stab","Distraction"],"floor":11},{"picked":"Skewer","not_picked":["Crippling Poison","Dagger Spray"],"floor":12},{"picked":"Corpse Explosion","not_picked":["Unload","Doppelganger"],"floor":16},{"picked":"SKIP","not_picked":["Slice","Flying Knee","Acrobatics"],"floor":18},{"picked":"Catalyst+1","not_picked":["Deflect","Phantasmal Killer"],"floor":20},{"picked":"Backflip+1","not_picked":["All Out Attack","Flying Knee"],"floor":22},{"picked":"SKIP","not_picked":["Poisoned Stab","Deadly Poison","Riddle With Holes"],"floor":24},{"picked":"Deadly Poison+1","not_picked":["Bane","Prepared"],"floor":29}],"event_choices":[{"event_name":"Lab","player_choice":"Got Potions","floor":3,"cards_obtained":null,"cards_removed":null,"cards_transformed":null,"cards_upgraded":null,"relics_obtained":null,"potions_obtained":null,"relics_lost":null,"damage_taken":0,"damage_healed":0,"max_hp_loss":0,"max_hp_gain":0,"gold_gain":0,"gold_loss":0},{"event_name":"Golden Wing","player_choice":"Card Removal","floor":13,"cards_obtained":null,"cards_removed":["Strike_G"],"cards_transformed":null,"cards_upgraded":null,"relics_obtained":null,"potions_obtained":null,"relics_lost":null,"damage_taken":7,"damage_healed":0,"max_hp_loss":0,"max_hp_gain":0,"gold_gain":0,"gold_loss":0},{"event_name":"Wheel of Change","player_choice":"Damaged","floor":14,"cards_obtained":null,"cards_removed":null,"cards_transformed":null,"cards_upgraded":null,"relics_obtained":null,"potions_obtained":null,"relics_lost":null,"damage_taken":7,"damage_healed":0,"max_hp_loss":0,"max_hp_gain":0,"gold_gain":0,"gold_loss":0},{"event_name":"Bonfire Elementals","player_choice":"Offered Uncommon","floor":19,"cards_obtained":null,"cards_removed":["Endless Agony"],"cards_transformed":null,"cards_upgraded":null,"relics_obtained":null,"potions_obtained":null,"relics_lost":null,"damage_taken":0,"damage_healed":23,"max_hp_loss":0,"max_hp_gain":0,"gold_gain":0,"gold_loss":0},{"event_name":"Golden Shrine","player_choice":"Desecrate","floor":27,"cards_obtained":["Regret"],"cards_removed":null,"cards_transformed":null,"cards_upgraded":null,"relics_obtained":null,"potions_obtained":null,"relics_lost":null,"damage_taken":0,"damage_healed":0,"max_hp_loss":0,"max_hp_gain":0,"gold_gain":275,"gold_loss":0}],"boss_relics":[{"picked":"Astrolabe","not_picked":["Fusion Hammer","Tiny House"]}],"damage_taken":[{"floor":1,"enemies":"Cultist","damage":1,"turns":5},{"floor":4,"enemies":"Small Slimes","damage":0,"turns":4},{"floor":6,"enemies":"3 Sentries","damage":12,"turns":7},{"floor":8,"enemies":"Jaw Worm","damage":0,"turns":3},{"floor":11,"enemies":"Lots of Slimes","damage":18,"turns":3},{"floor":12,"enemies":"Blue Slaver","damage":3,"turns":3},{"floor":16,"enemies":"Hexaghost","damage":12,"turns":8},{"floor":18,"enemies":"Spheric Guardian","damage":6,"turns":3},{"floor":20,"enemies":"2 Thieves","damage":25,"turns":3},{"floor":22,"enemies":"Centurion and Healer","damage":9,"turns":3},{"floor":24,"enemies":"Gremlin Leader","damage":15,"turns":6},{"floor":29,"enemies":"Sentry and Sphere","damage":21,"turns":4},{"floor":30,"enemies":"Slavers","damage":23,"turns":3}],"potions_obtained":[{"key":"Energy Potion","floor":1},{"key":"PowerPotion","floor":3},{"key":"Strength Potion","floor":3},{"key":"SteroidPotion","floor":11},{"key":"GamblersBrew","floor":16},{"key":"Strength Potion","floor":20},{"key":"EssenceOfSteel","floor":24}],"relics_obtained":[{"key":"Peace Pipe","floor":5},{"key":"Happy Flower","floor":6},{"key":"Sundial","floor":9},{"key":"Letter Opener","floor":21},{"key":"Anchor","floor":24},{"key":"Unceasing Top","floor":26}],"campfire_choices":[{"floor":7,"key":"PURGE","data":"Strike_G"},{"floor":10,"key":"PURGE","data":"Strike_G"},{"floor":15,"key":"SMITH","data":"Bouncing Flask"},{"floor":23,"key":"PURGE","data":"Strike_G"},{"floor":28,"key":"REST"}],"circlet_count":0,"win_rate":0,"killed_by":"Slavers"}