{"play_id":"08036b13-4446-4c0b-9613-a50b77a86a77","build_version":"2020-01-27","seed_played":"4650439666385927565","chose_seed":false,"seed_source_timestamp":2381426162667,"is_daily":false,"special_seed":null,"is_trial":false,"is_endless":false,"is_ascension_mode":true,"ascension_level":11,"neow_bonus":"BOSS_RELIC","neow_cost":"NONE","is_beta":false,"is_prod":false,"victory":false,"floor_reached":27,"score":446,"timestamp":1703995164,"local_time":"12/31/2023 03:59:24","playtime":1718,"player_experience":469198,"master_deck":["AscendersBane","Survivor","Neutralize","Crippling Poison+1","Noxious Fumes+1","Footwork","PiercingWail","Backflip","Deflect","Escape Plan","A Thousand Cuts","Bane","Leg Sweep","After Image","Acrobatics","Catalyst","Corpse Explosion","Reflex","Dash","Night Terror","PiercingWail+1","Catalyst","Noxious Fumes+1","Malaise","Masterful Stab"],"relics":["Ectoplasm","Nunchaku","Lantern","Matryoshka","Ancient Tea Set","Pandora's Box","MealTicket","Tough Bandages","MawBank","Blood Vial"],"gold":17,"campfire_rested":1,"campfire_upgraded":2,"purchased_purges":0,"potions_floor_spawned":[1,6,7,11,18,25],"potions_floor_usage":[6,7,11,19,27],"current_hp_per_floor":[63,63,51,44,44,18,13,34,34,34,21,21,17,17,17,21,58,49,49,49,49,34,33,33,8,8,0],"max_hp_per_floor":[70,70,70,70,70,70,70,70,70,70,70,70,70,70,70,70,70,70,70,70,70,70,70,70,70,70,70],"gold_per_floor":[99,17,17,17,17,17,17,17,17,17,17,17,17,17,17,17,17,17,17,17,17,17,17,17,17,17,17],"path_per_floor":["M","$","?","?","$","E","M","R","T","R","E","M","M","M","R","B",null,"M","M","M","?","M","E","?","E","T","M"],"path_taken":["M","$","?","?","?","E","M","R","T","R","E","M","?","M","R","BOSS","M","M","M","?","?","E","?","E","T","M"],"items_purchased":["Noxious Fumes"],"item_purchase_floors":[2],"items_purged":[],"items_purged_floors":[],"character_chosen":"THE_SILENT","card_choices":[{"picked":"Crippling Poison","not_picked":["Finisher","Underhanded Strike"],"floor":1},{"picked":"Footwork","not_picked":["Dodge and Roll","Catalyst"],"floor":6},{"picked":"PiercingWail","not_picked":["Eviscerate","Blade Dance"],"floor":7},{"picked":"Backflip","not_picked":["Quick Slash","Distraction"],"floor":11},{"picked":"Deflect","not_picked":["Outmaneuver","Prepared"],"floor":12},{"picked":"Escape Plan","not_picked":["Tools of the Trade","Distraction"],"floor":13},{"picked":"SKIP","not_picked":["Distraction","Acrobatics","Prepared"],"floor":14},{"picked":"A Thousand Cuts","not_picked":["Tools of the Trade","Bullet Time"],"floor":16},{"picked":"PiercingWail+1","not_picked":["Dash","Endless Agony"],"floor":18},{"picked":"Catalyst","not_picked":["Masterful Stab","Bane"],"floor":19},{"picked":"Calculated Gamble","not_picked":["Deadly Poison","Dagger Throw+1"],"floor":20},{"picked":"Malaise","not_picked":["Backstab","Sucker Punch"],"floor":22},{"picked":"SKIP","not_picked":["Finisher","Bane","Sucker Punch"],"floor":23},{"picked":"SKIP","not_picked":["Backflip","Blade Dance+1","Outmaneuver"],"floor":25}],"event_choices":[{"event_name":"Scrap Ooze","player_choice":"Success","floor":3,"cards_obtained":null,"cards_removed":null,"cards_transformed":null,"cards_upgraded":null,"relics_obtained":["Nunchaku"],"potions_obtained":null,"relics_lost":null,"damage_taken":12,"damage_healed":0,"max_hp_loss":0,"max_hp_gain":0,"gold_gain":0,"gold_loss":0},{"event_name":"Golden Wing","player_choice":"Card Removal","floor":4,"cards_obtained":null,"cards_removed":["Defend_G"],"cards_transformed":null,"cards_upgraded":null,"relics_obtained":null,"potions_obtained":null,"relics_lost":null,"damage_taken":7,"damage_healed":0,"max_hp_loss":0,"max_hp_gain":0,"gold_gain":0,"gold_loss":0},{"event_name":"Duplicator","player_choice":"Copied","floor":21,"cards_obtained":["Noxious Fumes"],"cards_removed":null,"cards_transformed":null,"cards_upgraded":null,"relics_obtained":null,"potions_obtained":null,"relics_lost":null,"damage_taken":0,"damage_healed":0,"max_hp_loss":0,"max_hp_gain":0,"gold_gain":0,"gold_loss":0},{"event_name":"Transmorgrifier","player_choice":"Transformed","floor":24,"cards_obtained":["Masterful Stab"],"cards_removed":null,"cards_transformed":["Calculated Gamble"],"cards_upgraded":null,"relics_obtained":null,"potions_obtained":null,"relics_lost":null,"damage_taken":0,"damage_healed":0,"max_hp_loss":0,"max_hp_gain":0,"gold_gain":0,"gold_loss":0}],"boss_relics":[{"picked":"Pandora's Box","not_picked":["Cursed Key","Runic Dome"]}],"damage_taken":[{"floor":1,"enemies":"Jaw Worm","damage":0,"turns":5},{"floor":6,"enemies":"3 Sentries","damage":26,"turns":8},{"floor":7,"enemies":"Small Slimes","damage":5,"turns":3},{"floor":11,"enemies":"Gremlin Nob","damage":28,"turns":5},{"floor":12,"enemies":"Cultist","damage":0,"turns":4},{"floor":13,"enemies":"2 Fungi Beasts","damage":4,"turns":4},{"floor":14,"enemies":"Lots of Slimes","damage":0,"turns":3},{"floor":16,"enemies":"Hexaghost","damage":18,"turns":12},{"floor":18,"enemies":"Shell Parasite","damage":9,"turns":6},{"floor":19,"enemies":"Spheric Guardian","damage":0,"turns":4},{"floor":20,"enemies":"3 Cultists","damage":0,"turns":4},{"floor":22,"enemies":"Snake Plant","damage":15,"turns":5},{"floor":23,"enemies":"Gremlin Leader","damage":1,"turns":4},{"floor":25,"enemies":"Slavers","damage":25,"turns":4},{"floor":27,"enemies":"Shelled Parasite and Fungi","damage":13,"turns":2}],"potions_obtained":[{"key":"Swift Potion","floor":1},{"key":"SkillPotion","floor":6},{"key":"Regen Potion","floor":7},{"key":"FairyPotion","floor":11},{"key":"AttackPotion","floor":18},{"key":"AttackPotion","floor":25}],"relics_obtained":[{"key":"Lantern","floor":6},{"key":"Matryoshka","floor":9},{"key":"Ancient Tea Set","floor":11},{"key":"MealTicket","floor":23},{"key":"Tough Bandages","floor":25},{"key":"MawBank","floor":26},{"key":"Blood Vial","floor":26}],"campfire_choices":[{"floor":8,"key":"REST"},{"floor":10,"key":"SMITH","data":"Noxious Fumes"},{"floor":15,"key":"SMITH","data":"Crippling Poison"}],"circlet_count":0,"win_rate":0,"killed_by":"Shelled Parasite and Fungi"}