{"play_id":"9a8f09e7-8a4b-464f-869f-a02d6cdaaa11","build_version":"2020-01-27","seed_played":"-1684190905263123995","chose_seed":false,"seed_source_timestamp":1828984685143,"is_daily":false,"special_seed":null,"is_trial":false,"is_endless":false,"is_ascension_mode":true,"ascension_level":11,"neow_bonus":"ONE_RARE_RELIC","neow_cost":"CURSE","is_beta":false,"is_prod":false,"victory":false,"floor_reached":33,"score":405,"timestamp":1703858401,"local_time":"12/29/2023 14:00:01","playtime":1624,"player_experience":461277,"master_deck":["AscendersBane","Strike_G","Strike_G","Strike_G","Strike_G","Defend_G","Defend_G","Defend_G","Defend_G","Defend_G","Survivor","Neutralize","Footwork","Flying Knee","Bouncing Flask+1","Sucker Punch","Deadly Poison","Glass Knife","Caltrops","Noxious Fumes","Quick Slash","Phantasmal Killer","Quick Slash","Catalyst+1","Leg Sweep+1","PiercingWail","Dash","Venomology","Distraction+1"],"relics":["Ring of the Snake","Calipers","Centennial Puzzle","Oddly Smooth Stone","Nunchaku","Blood Vial","Empty Cage","Ancient Tea Set","Vajra"],"gold":106,"campfire_rested":5,"campfire_upgraded":1,"purchased_purges":0,"potions_floor_spawned":[10,11,22,23],"potions_floor_usage":[11,14,22,23,25,25,25,25,33,33],"current_hp_per_floor":[58,47,47,38,35,35,9,9,9,4,1,22,22,9,30,12,56,41,41,41,41,40,26,26,2,2,23,10,4,25,7,28,0],"max_hp_per_floor":[70,70,70,70,70,70,70,70,70,70,70,70,70,70,70,70,70,70,70,70,70,70,70,70,70,70,70,70,70,70,70,70,70],"gold_per_floor":[116,126,226,238,249,249,284,3,26,44,69,69,1,21,21,123,123,104,19,19,19,35,45,45,58,58,58,73,92,92,106,106,106],"path_per_floor":["M","M","?","M","M","R","E","$","T","M","E","R","$","M","R","B",null,"M","?","?","$","M","M","$","M","T","R","M","M","R","M","R","B"],"path_taken":["M","M","?","M","?","R","E","$","T","M","E","R","$","M","R","BOSS","M","?","?","$","M","?","$","M","T","R","M","M","R","M","R","BOSS"],"items_purchased":["Oddly Smooth Stone","Glass Knife","Noxious Fumes"],"item_purchase_floors":[8,8,13],"items_purged":[],"items_purged_floors":[],"character_chosen":"THE_SILENT","card_choices":[{"picked":"Footwork","not_picked":["Quick Slash","Dagger Throw"],"floor":1},{"picked":"Flying Knee","not_picked":["Masterful Stab","Well Laid Plans"],"floor":2},{"picked":"Bouncing Flask","not_picked":["Sucker Punch","Acrobatics"],"floor":4},{"picked":"Sucker Punch","not_picked":["Bane","Heel Hook"],"floor":5},{"picked":"Deadly Poison","not_picked":["Deflect","Flying Knee"],"floor":7},{"picked":"SKIP","not_picked":["Slice","Blade Dance","Envenom"],"floor":10},{"picked":"Caltrops","not_picked":["Poisoned Stab","Sucker Punch"],"floor":11},{"picked":"Quick Slash","not_picked":["Deflect","Noxious Fumes"],"floor":14},{"picked":"Phantasmal Killer","not_picked":["Bullet Time","Wraith Form v2"],"floor":16},{"picked":"Quick Slash","not_picked":["Riddle With Holes","PiercingWail"],"floor":18},{"picked":"Catalyst+1","not_picked":["Infinite Blades","PiercingWail"],"floor":22},{"picked":"Leg Sweep+1","not_picked":["Concentrate","Choke+1"],"floor":23},{"picked":"PiercingWail","not_picked":["Underhanded Strike","Sucker Punch"],"floor":25},{"picked":"Dash","not_picked":["Deflect","Reflex"],"floor":28},{"picked":"Venomology","not_picked":["All Out Attack","Underhanded Strike"],"floor":29},{"picked":"Distraction+1","not_picked":["Tactician","Dagger Throw"],"floor":31}],"event_choices":[{"event_name":"Wheel of Change","player_choice":"Gold","floor":3,"cards_obtained":null,"cards_removed":null,"cards_transformed":null,"cards_upgraded":null,"relics_obtained":null,"potions_obtained":null,"relics_lost":null,"damage_taken":0,"damage_healed":0,"max_hp_loss":0,"max_hp_gain":0,"gold_gain":100,"gold_loss":0},{"event_name":"Addict","player_choice":"Obtained Relic","floor":19,"cards_obtained":null,"cards_removed":null,"cards_transformed":null,"cards_upgraded":null,"relics_obtained":["Ancient Tea Set"],"potions_obtained":null,"relics_lost":null,"damage_taken":0,"damage_healed":0,"max_hp_loss":0,"max_hp_gain":0,"gold_gain":0,"gold_loss":85},{"event_name":"Lab","player_choice":"Got Potions","floor":20,"cards_obtained":null,"cards_removed":null,"cards_transformed":null,"cards_upgraded":null,"relics_obtained":null,"potions_obtained":null,"relics_lost":null,"damage_taken":0,"damage_healed":0,"max_hp_loss":0,"max_hp_gain":0,"gold_gain":0,"gold_loss":0}],"boss_relics":[{"picked":"Empty Cage","not_picked":["SlaversCollar","Black Star"]}],"damage_taken":[{"floor":1,"enemies":"2 Louse","damage":5,"turns":5},{"floor":2,"enemies":"Cultist","damage":11,"turns":6},{"floor":4,"enemies":"Jaw Worm","damage":9,"turns":5},{"floor":5,"enemies":"Exordium Wildlife","damage":3,"turns":4},{"floor":7,"enemies":"Lagavulin","damage":26,"turns":8},{"floor":10,"enemies":"3 Louse","damage":5,"turns":3},{"floor":11,"enemies":"Gremlin Nob","damage":3,"turns":3},{"floor":14,"enemies":"Large Slime","damage":15,"turns":6},{"floor":16,"enemies":"The Guardian","damage":20,"turns":9},{"floor":18,"enemies":"2 Thieves","damage":17,"turns":4},{"floor":22,"enemies":"Chosen","damage":3,"turns":4},{"floor":23,"enemies":"Snake Plant","damage":16,"turns":3},{"floor":25,"enemies":"Centurion and Healer","damage":26,"turns":4},{"floor":28,"enemies":"Chosen and Byrds","damage":15,"turns":6},{"floor":29,"enemies":"Snecko","damage":8,"turns":5},{"floor":31,"enemies":"Shelled Parasite and Fungi","damage":20,"turns":4},{"floor":33,"enemies":"Collector","damage":65,"turns":5}],"potions_obtained":[{"key":"Swift Potion","floor":10},{"key":"Swift Potion","floor":11},{"key":"Energy Potion","floor":20},{"key":"SpeedPotion","floor":20},{"key":"EntropicBrew","floor":22},{"key":"SkillPotion","floor":23}],"relics_obtained":[{"key":"Centennial Puzzle","floor":7},{"key":"Nunchaku","floor":9},{"key":"Blood Vial","floor":11},{"key":"Vajra","floor":26}],"campfire_choices":[{"floor":6,"key":"SMITH","data":"Bouncing Flask"},{"floor":12,"key":"REST"},{"floor":15,"key":"REST"},{"floor":27,"key":"REST"},{"floor":30,"key":"REST"},{"floor":32,"key":"REST"}],"circlet_count":0,"win_rate":0,"killed_by":"Collector"}