{"play_id":"44b83d6d-8d6a-484a-8402-d02704cd3723","build_version":"2020-01-27","seed_played":"-2883969752368144705","chose_seed":false,"seed_source_timestamp":2315299069017,"is_daily":false,"special_seed":null,"is_trial":false,"is_endless":false,"is_ascension_mode":true,"ascension_level":11,"neow_bonus":"BOSS_RELIC","neow_cost":"NONE","is_beta":false,"is_prod":false,"victory":false,"floor_reached":27,"score":454,"timestamp":1703981018,"local_time":"12/31/2023 00:03:38","playtime":1157,"player_experience":466991,"master_deck":["AscendersBane","Strike_G","Strike_G","Strike_G","Strike_G","Defend_G","Defend_G","Defend_G","Defend_G","Survivor","Neutralize","Slice","Noxious Fumes+1","Deadly Poison+1","Poisoned Stab","Glass Knife+1","PiercingWail","Dash","Dash","Corpse Explosion","PiercingWail","Terror+1","Blur"],"relics":["Runic Pyramid","Lizard Tail","Eternal Feather","Pantograph","Bottled Tornado","Empty Cage","Centennial Puzzle","Bottled Lightning","MealTicket"],"gold":492,"campfire_rested":0,"campfire_upgraded":4,"purchased_purges":0,"potions_floor_spawned":[1,5,11,13,16,21,24],"potions_floor_usage":[7,7,7,12,16,24,24,27],"current_hp_per_floor":[56,56,61,61,59,59,42,42,42,15,11,8,23,22,34,59,71,67,67,67,55,41,53,24,36,36,0],"max_hp_per_floor":[70,70,75,75,75,75,75,75,75,75,75,75,75,75,75,75,75,75,75,75,75,80,80,80,80,80,80],"gold_per_floor":[111,127,127,127,137,137,172,172,172,204,221,232,247,260,260,364,364,377,428,428,440,440,440,469,469,492,492],"path_per_floor":["M","M","?","?","M","R","E","?","T","E","M","M","M","M","R","B",null,"M","T","?","M","?","R","E","R","T","E"],"path_taken":["M","M","?","?","?","R","E","?","T","E","M","M","M","M","R","BOSS","M","?","?","?","?","R","E","R","T","E"],"items_purchased":[],"item_purchase_floors":[],"items_purged":[],"items_purged_floors":[],"character_chosen":"THE_SILENT","card_choices":[{"picked":"Slice","not_picked":["Riddle With Holes","Escape Plan"],"floor":1},{"picked":"Noxious Fumes","not_picked":["Masterful Stab","Bane"],"floor":2},{"picked":"Deadly Poison","not_picked":["Outmaneuver","Prepared"],"floor":5},{"picked":"Poisoned Stab","not_picked":["Dagger Spray","Distraction"],"floor":7},{"picked":"Dash","not_picked":["Dodge and Roll","Bouncing Flask"],"floor":10},{"picked":"Dash","not_picked":["Deflect","Distraction"],"floor":11},{"picked":"SKIP","not_picked":["Bane","Sucker Punch","Flying Knee"],"floor":12},{"picked":"SKIP","not_picked":["Flying Knee","Blade Dance","Flechettes"],"floor":13},{"picked":"SKIP","not_picked":["Acrobatics","Underhanded Strike","Choke"],"floor":14},{"picked":"Corpse Explosion","not_picked":["After Image","Doppelganger"],"floor":16},{"picked":"PiercingWail","not_picked":["Well Laid Plans","Sucker Punch"],"floor":18},{"picked":"Terror","not_picked":["Outmaneuver","Acrobatics"],"floor":21},{"picked":"Blur","not_picked":["Dodge and Roll+1","Acrobatics"],"floor":24}],"event_choices":[{"event_name":"Big Fish","player_choice":"Donut","floor":3,"cards_obtained":null,"cards_removed":null,"cards_transformed":null,"cards_upgraded":null,"relics_obtained":null,"potions_obtained":null,"relics_lost":null,"damage_taken":0,"damage_healed":0,"max_hp_loss":0,"max_hp_gain":5,"gold_gain":0,"gold_loss":0},{"event_name":"WeMeetAgain","player_choice":"Gave Potion","floor":4,"cards_obtained":null,"cards_removed":null,"cards_transformed":null,"cards_upgraded":null,"relics_obtained":["Lizard Tail"],"potions_obtained":null,"relics_lost":null,"damage_taken":0,"damage_healed":0,"max_hp_loss":0,"max_hp_gain":0,"gold_gain":0,"gold_loss":0},{"event_name":"Match and Keep!","player_choice":"2 cards matched","floor":8,"cards_obtained":["Glass Knife","PiercingWail"],"cards_removed":null,"cards_transformed":null,"cards_upgraded":null,"relics_obtained":null,"potions_obtained":null,"relics_lost":null,"damage_taken":0,"damage_healed":0,"max_hp_loss":0,"max_hp_gain":0,"gold_gain":0,"gold_loss":0},{"event_name":"Ghosts","player_choice":"Ignored","floor":20,"cards_obtained":null,"cards_removed":null,"cards_transformed":null,"cards_upgraded":null,"relics_obtained":null,"potions_obtained":null,"relics_lost":null,"damage_taken":0,"damage_healed":0,"max_hp_loss":0,"max_hp_gain":0,"gold_gain":0,"gold_loss":0},{"event_name":"Forgotten Altar","player_choice":"Shed Blood","floor":22,"cards_obtained":null,"cards_removed":null,"cards_transformed":null,"cards_upgraded":null,"relics_obtained":null,"potions_obtained":null,"relics_lost":null,"damage_taken":19,"damage_healed":0,"max_hp_loss":0,"max_hp_gain":5,"gold_gain":0,"gold_loss":0}],"boss_relics":[{"picked":"Empty Cage","not_picked":["Philosopher's Stone","Cursed Key"]}],"damage_taken":[{"floor":1,"enemies":"2 Louse","damage":7,"turns":4},{"floor":2,"enemies":"Cultist","damage":0,"turns":4},{"floor":5,"enemies":"Jaw Worm","damage":2,"turns":5},{"floor":7,"enemies":"Gremlin Nob","damage":17,"turns":5},{"floor":10,"enemies":"3 Sentries","damage":27,"turns":7},{"floor":11,"enemies":"3 Louse","damage":4,"turns":4},{"floor":12,"enemies":"Blue Slaver","damage":3,"turns":3},{"floor":13,"enemies":"Gremlin Gang","damage":26,"turns":4},{"floor":14,"enemies":"3 Louse","damage":1,"turns":3},{"floor":16,"enemies":"The Guardian","damage":0,"turns":8},{"floor":18,"enemies":"Chosen","damage":4,"turns":4},{"floor":21,"enemies":"3 Byrds","damage":12,"turns":3},{"floor":24,"enemies":"Book of Stabbing","damage":29,"turns":6},{"floor":27,"enemies":"Gremlin Leader","damage":38,"turns":5}],"potions_obtained":[{"key":"Poison Potion","floor":1},{"key":"EntropicBrew","floor":5},{"key":"ColorlessPotion","floor":11},{"key":"Energy Potion","floor":13},{"key":"EssenceOfSteel","floor":16},{"key":"Poison Potion","floor":21},{"key":"Energy Potion","floor":24}],"relics_obtained":[{"key":"Eternal Feather","floor":7},{"key":"Pantograph","floor":9},{"key":"Bottled Tornado","floor":10},{"key":"Centennial Puzzle","floor":19},{"key":"Bottled Lightning","floor":24},{"key":"MealTicket","floor":26}],"campfire_choices":[{"floor":6,"key":"SMITH","data":"Noxious Fumes"},{"floor":15,"key":"SMITH","data":"Deadly Poison"},{"floor":23,"key":"SMITH","data":"Terror"},{"floor":25,"key":"SMITH","data":"Glass Knife"}],"circlet_count":0,"win_rate":0,"killed_by":"Gremlin Leader"}