{"play_id":"bbdd5712-cf85-43c5-9916-5c5610385a16","build_version":"2020-01-27","seed_played":"-3336733965626201336","chose_seed":false,"seed_source_timestamp":3049803533298,"is_daily":false,"special_seed":null,"is_trial":false,"is_endless":false,"is_ascension_mode":true,"ascension_level":11,"neow_bonus":"BOSS_RELIC","neow_cost":"NONE","is_beta":false,"is_prod":false,"victory":true,"floor_reached":51,"score":1362,"timestamp":1704128523,"local_time":"01/01/2024 17:02:03","playtime":1992,"player_experience":477280,"master_deck":["AscendersBane","Strike_G+1","Strike_G+1","Defend_G","Defend_G","Defend_G","Defend_G","Defend_G","Survivor","Neutralize+1","Catalyst+1","Poisoned Stab+1","Blur","Catalyst+1","Glass Knife+1","CurseOfTheBell","Deadly Poison+1","Catalyst+1","Blur","Deadly Poison+1","Footwork+1","Terror+1","Corpse Explosion+1","Poisoned Stab+1","Good Instincts","PiercingWail","PiercingWail","Prepared+1"],"relics":["Velvet Choker","Oddly Smooth Stone","Juzu Bracelet","Bag of Marbles","Thread and Needle","Bloody Idol","Calling Bell","Happy Flower","Kunai","Calipers","CaptainsWheel","ClockworkSouvenir","Nunchaku","Pear","Gremlin Horn","Bag of Preparation","Question Card","Empty Cage","Whetstone","Red Mask","Omamori","Lantern","Strawberry","The Specimen"],"gold":108,"campfire_rested":0,"campfire_upgraded":9,"purchased_purges":2,"potions_floor_spawned":[3,10,13,18,30,33,35,40],"potions_floor_usage":[12,12,23,23,33,40,48],"current_hp_per_floor":[63,63,61,61,61,61,61,61,61,57,57,44,44,44,44,44,64,49,49,49,49,49,51,51,51,61,66,59,59,64,69,69,20,65,55,55,55,60,60,65,65,65,70,70,82,82,83,62,62,38],"max_hp_per_floor":[70,70,70,70,70,70,70,70,70,70,70,70,70,70,70,70,70,70,70,70,70,70,70,70,70,80,80,80,80,80,80,80,80,80,80,80,80,80,80,80,80,80,80,80,87,87,87,87,87,87],"gold_per_floor":[115,290,309,10,10,10,10,10,35,55,74,108,120,120,120,245,245,268,268,268,12,12,37,37,37,37,107,132,132,163,182,182,282,282,299,7,0,14,14,39,39,16,43,43,68,68,83,108,108,108],"path_per_floor":["M","?","M","$","?","R","?","R","T","M","M","E","M","?","R","B",null,"M","?","?","$","?","E","R","?","T","T","E","R","E","M","R","B",null,"M","$","?","M","?","E","R","$","T","?","T","R","M","E","R","B",null],"path_taken":["M","?","M","$","?","R","?","R","T","M","M","E","M","?","R","BOSS","M","?","?","$","?","E","R","?","T","?","E","R","E","M","R","BOSS","M","$","?","M","?","E","R","?","T","?","?","R","M","E","R","BOSS"],"items_purchased":["Oddly Smooth Stone","Juzu Bracelet","ClockworkSouvenir","Catalyst","Whetstone","SpeedPotion","PiercingWail"],"item_purchase_floors":[4,4,21,21,36,36,42],"items_purged":["Writhe","Strike_G"],"items_purged_floors":[21,36],"character_chosen":"THE_SILENT","card_choices":[{"picked":"Catalyst","not_picked":["Flying Knee","Expertise"],"floor":1},{"picked":"Poisoned Stab","not_picked":["Blade Dance","Backflip"],"floor":3},{"picked":"SKIP","not_picked":["Blade Dance","Deflect","Dagger Throw"],"floor":10},{"picked":"Blur","not_picked":["Quick Slash","Slice"],"floor":11},{"picked":"Catalyst","not_picked":["Skewer","Setup"],"floor":12},{"picked":"SKIP","not_picked":["Dagger Spray","Finisher","Blade Dance"],"floor":13},{"picked":"Glass Knife","not_picked":["Night Terror","Phantasmal Killer"],"floor":16},{"picked":"Deadly Poison","not_picked":["Tactician+1","Masterful Stab"],"floor":18},{"picked":"SKIP","not_picked":["Dodge and Roll","Acrobatics","Setup"],"floor":23},{"picked":"Deadly Poison+1","not_picked":["Acrobatics","Deflect"],"floor":28},{"picked":"Footwork","not_picked":["Masterful Stab","Riddle With Holes+1"],"floor":30},{"picked":"Terror","not_picked":["Dagger Throw+1","Blade Dance","Slice"],"floor":31},{"picked":"Corpse Explosion","not_picked":["Night Terror","Envenom","Venomology"],"floor":33},{"picked":"SKIP","not_picked":["Outmaneuver+1","Dagger Spray","Tactician","Masterful Stab"],"floor":35},{"picked":"Poisoned Stab+1","not_picked":["Acrobatics","Backflip+1","Outmaneuver"],"floor":38},{"picked":"Good Instincts","not_picked":["Discovery","Jack Of All Trades","Swift Strike"],"floor":39},{"picked":"PiercingWail","not_picked":["Die Die Die","Acrobatics+1","Backstab+1"],"floor":40},{"picked":"Prepared+1","not_picked":["Dagger Throw","Deflect+1","Poisoned Stab+1"],"floor":47},{"picked":"SKIP","not_picked":["Concentrate","PiercingWail","Backflip","Deadly Poison"],"floor":48}],"event_choices":[{"event_name":"Liars Game","player_choice":"AGREE","floor":2,"cards_obtained":["Doubt"],"cards_removed":null,"cards_transformed":null,"cards_upgraded":null,"relics_obtained":null,"potions_obtained":null,"relics_lost":null,"damage_taken":0,"damage_healed":0,"max_hp_loss":0,"max_hp_gain":0,"gold_gain":175,"gold_loss":0},{"event_name":"Living Wall","player_choice":"Forget","floor":5,"cards_obtained":null,"cards_removed":["Doubt"],"cards_transformed":null,"cards_upgraded":null,"relics_obtained":null,"potions_obtained":null,"relics_lost":null,"damage_taken":0,"damage_healed":0,"max_hp_loss":0,"max_hp_gain":0,"gold_gain":0,"gold_loss":0},{"event_name":"Accursed Blacksmith","player_choice":"Forge","floor":7,"cards_obtained":null,"cards_removed":null,"cards_transformed":null,"cards_upgraded":["Poisoned Stab"],"relics_obtained":null,"potions_obtained":null,"relics_lost":null,"damage_taken":0,"damage_healed":0,"max_hp_loss":0,"max_hp_gain":0,"gold_gain":0,"gold_loss":0},{"event_name":"Golden Idol","player_choice":"Take Wound","floor":14,"cards_obtained":["Injury"],"cards_removed":null,"cards_transformed":null,"cards_upgraded":null,"relics_obtained":["Golden Idol"],"potions_obtained":null,"relics_lost":null,"damage_taken":0,"damage_healed":0,"max_hp_loss":0,"max_hp_gain":0,"gold_gain":0,"gold_loss":0},{"event_name":"Forgotten Altar","player_choice":"Gave Idol","floor":19,"cards_obtained":null,"cards_removed":null,"cards_transformed":null,"cards_upgraded":null,"relics_obtained":["Bloody Idol"],"potions_obtained":null,"relics_lost":["Golden Idol"],"damage_taken":0,"damage_healed":0,"max_hp_loss":0,"max_hp_gain":0,"gold_gain":0,"gold_loss":0},{"event_name":"The Mausoleum","player_choice":"Opened","floor":20,"cards_obtained":["Writhe"],"cards_removed":null,"cards_transformed":null,"cards_upgraded":null,"relics_obtained":["CaptainsWheel"],"potions_obtained":null,"relics_lost":null,"damage_taken":0,"damage_healed":0,"max_hp_loss":0,"max_hp_gain":0,"gold_gain":0,"gold_loss":0},{"event_name":"Duplicator","player_choice":"Copied","floor":22,"cards_obtained":["Blur"],"cards_removed":null,"cards_transformed":null,"cards_upgraded":null,"relics_obtained":null,"potions_obtained":null,"relics_lost":null,"damage_taken":0,"damage_healed":0,"max_hp_loss":0,"max_hp_gain":0,"gold_gain":0,"gold_loss":0},{"event_name":"Vampires","player_choice":"Ignored","floor":25,"cards_obtained":null,"cards_removed":null,"cards_transformed":null,"cards_upgraded":null,"relics_obtained":null,"potions_obtained":null,"relics_lost":null,"damage_taken":0,"damage_healed":0,"max_hp_loss":0,"max_hp_gain":0,"gold_gain":0,"gold_loss":0},{"event_name":"Tomb of Lord Red Mask","player_choice":"Paid","floor":37,"cards_obtained":null,"cards_removed":null,"cards_transformed":null,"cards_upgraded":null,"relics_obtained":["Red Mask"],"potions_obtained":null,"relics_lost":null,"damage_taken":0,"damage_healed":0,"max_hp_loss":0,"max_hp_gain":0,"gold_gain":0,"gold_loss":7},{"event_name":"SensoryStone","player_choice":"Memory 1","floor":39,"cards_obtained":null,"cards_removed":null,"cards_transformed":null,"cards_upgraded":null,"relics_obtained":null,"potions_obtained":null,"relics_lost":null,"damage_taken":0,"damage_healed":0,"max_hp_loss":0,"max_hp_gain":0,"gold_gain":0,"gold_loss":0},{"event_name":"Fountain of Cleansing","player_choice":"Removed Curses","floor":44,"cards_obtained":null,"cards_removed":["Injury"],"cards_transformed":null,"cards_upgraded":null,"relics_obtained":null,"potions_obtained":null,"relics_lost":null,"damage_taken":0,"damage_healed":0,"max_hp_loss":0,"max_hp_gain":0,"gold_gain":0,"gold_loss":0}],"boss_relics":[{"picked":"Calling Bell","not_picked":["Busted Crown","SlaversCollar"]},{"picked":"Empty Cage","not_picked":["Runic Pyramid","Philosopher's Stone"]}],"damage_taken":[{"floor":1,"enemies":"Jaw Worm","damage":0,"turns":4},{"floor":3,"enemies":"Small Slimes","damage":2,"turns":4},{"floor":10,"enemies":"Cultist","damage":4,"turns":4},{"floor":11,"enemies":"3 Louse","damage":0,"turns":4},{"floor":12,"enemies":"Gremlin Nob","damage":13,"turns":5},{"floor":13,"enemies":"Large Slime","damage":0,"turns":6},{"floor":16,"enemies":"Hexaghost","damage":0,"turns":9},{"floor":18,"enemies":"Spheric Guardian","damage":15,"turns":9},{"floor":23,"enemies":"Gremlin Leader","damage":3,"turns":5},{"floor":28,"enemies":"Book of Stabbing","damage":12,"turns":5},{"floor":30,"enemies":"Gremlin Leader","damage":0,"turns":4},{"floor":31,"enemies":"3 Byrds","damage":0,"turns":6},{"floor":33,"enemies":"Automaton","damage":54,"turns":9},{"floor":35,"enemies":"3 Darklings","damage":15,"turns":5},{"floor":38,"enemies":"Orb Walker","damage":0,"turns":3},{"floor":40,"enemies":"Nemesis","damage":0,"turns":5},{"floor":47,"enemies":"Writhing Mass","damage":4,"turns":4},{"floor":48,"enemies":"Reptomancer","damage":26,"turns":5},{"floor":50,"enemies":"Awakened One","damage":24,"turns":11}],"potions_obtained":[{"key":"Explosive Potion","floor":3},{"key":"Dexterity Potion","floor":10},{"key":"SteroidPotion","floor":13},{"key":"BlessingOfTheForge","floor":18},{"key":"Strength Potion","floor":30},{"key":"Explosive Potion","floor":33},{"key":"Energy Potion","floor":35},{"key":"SpeedPotion","floor":40}],"relics_obtained":[{"key":"Bag of Marbles","floor":9},{"key":"Thread and Needle","floor":12},{"key":"Happy Flower","floor":17},{"key":"Kunai","floor":17},{"key":"Calipers","floor":17},{"key":"Nunchaku","floor":23},{"key":"Pear","floor":26},{"key":"Gremlin Horn","floor":27},{"key":"Bag of Preparation","floor":28},{"key":"Question Card","floor":30},{"key":"Omamori","floor":40},{"key":"Lantern","floor":43},{"key":"Strawberry","floor":45},{"key":"The Specimen","floor":48}],"campfire_choices":[{"floor":6,"key":"SMITH","data":"Catalyst"},{"floor":8,"key":"SMITH","data":"Neutralize"},{"floor":15,"key":"SMITH","data":"Catalyst"},{"floor":24,"key":"SMITH","data":"Catalyst"},{"floor":29,"key":"SMITH","data":"Glass Knife"},{"floor":32,"key":"SMITH","data":"Terror"},{"floor":41,"key":"SMITH","data":"Footwork"},{"floor":46,"key":"SMITH","data":"Corpse Explosion"},{"floor":49,"key":"SMITH","data":"Deadly Poison"}],"circlet_count":0,"win_rate":0,"killed_by":null}