{"play_id":"89a82338-6475-492b-8a85-5394f3ec735c","build_version":"2020-01-27","seed_played":"3736555108506809369","chose_seed":false,"seed_source_timestamp":0,"is_daily":false,"special_seed":0,"is_trial":false,"is_endless":false,"is_ascension_mode":true,"ascension_level":11,"neow_bonus":"BOSS_RELIC","neow_cost":"NONE","is_beta":false,"is_prod":false,"victory":false,"floor_reached":33,"score":499,"timestamp":1704029402,"local_time":"12/31/2023 13:30:02","playtime":1839,"player_experience":470916,"master_deck":["AscendersBane","Survivor","Neutralize","Flying Knee+1","PiercingWail","PiercingWail","Die Die Die+1","Bouncing Flask+1","Terror","Doppelganger+1","Escape Plan","Predator","Terror","Poisoned Stab","Well Laid Plans","Setup+1","Choke","Backstab","Setup+1","PiercingWail+1","Backstab+1","Deadly Poison","Escape Plan"],"relics":["SacredBark","Blood Vial","Mercury Hourglass","Matryoshka","Regal Pillow","Sundial","Pandora's Box","MealTicket","Anchor","Meat on the Bone","Gambling Chip"],"gold":61,"campfire_rested":1,"campfire_upgraded":4,"purchased_purges":0,"potions_floor_spawned":[1,3,5,14,16,18,21,31],"potions_floor_usage":[21,22,23,23,23,31],"current_hp_per_floor":[59,59,59,58,52,45,45,38,38,38,38,38,33,35,35,22,58,30,30,30,24,26,28,64,64,64,60,50,65,65,36,36,0],"max_hp_per_floor":[70,70,70,70,70,70,70,70,70,70,70,70,70,70,70,70,70,70,70,70,70,70,70,70,70,70,70,70,70,70,70,70,70],"gold_per_floor":[117,117,135,152,162,188,188,208,208,208,158,14,47,58,58,160,160,179,179,89,99,99,134,134,84,84,100,118,31,31,61,61,61],"path_per_floor":["M","?","M","M","M","E","R","M","T","T","?","$","E","M","R","B",null,"M","?","?","M","M","E","R","?","T","M","M","$","R","E","R","B"],"path_taken":["M","?","?","?","M","E","R","M","T","?","?","$","E","M","R","BOSS","M","?","?","?","M","E","R","?","T","M","M","$","R","E","R","BOSS"],"items_purchased":["Regal Pillow","Poison Potion","Escape Plan"],"item_purchase_floors":[12,29,29],"items_purged":[],"items_purged_floors":[],"character_chosen":"THE_SILENT","card_choices":[{"picked":"Flying Knee","not_picked":["Eviscerate","Deflect"],"floor":1},{"picked":"PiercingWail","not_picked":["Dagger Throw","Calculated Gamble"],"floor":3},{"picked":"PiercingWail","not_picked":["Infinite Blades","Underhanded Strike"],"floor":4},{"picked":"SKIP","not_picked":["Skewer","Concentrate","Dagger Spray"],"floor":5},{"picked":"Die Die Die","not_picked":["Riddle With Holes","Blur"],"floor":6},{"picked":"Bouncing Flask","not_picked":["Acrobatics","Blade Dance"],"floor":8},{"picked":"Terror","not_picked":["PiercingWail","Setup"],"floor":13},{"picked":"SKIP","not_picked":["Underhanded Strike","Acrobatics","Slice"],"floor":14},{"picked":"Doppelganger","not_picked":["Night Terror","Bullet Time"],"floor":16},{"picked":"Heel Hook","not_picked":["Quick Slash","Prepared+1"],"floor":18},{"picked":"PiercingWail+1","not_picked":["Underhanded Strike","Masterful Stab+1"],"floor":21},{"picked":"SKIP","not_picked":["Calculated Gamble","Endless Agony","Outmaneuver"],"floor":23},{"picked":"Backstab+1","not_picked":["Dodge and Roll","Setup"],"floor":27},{"picked":"Deadly Poison","not_picked":["Poisoned Stab","Finisher"],"floor":28},{"picked":"SKIP","not_picked":["Acrobatics","Wraith Form v2","Prepared"],"floor":31}],"event_choices":[{"event_name":"Upgrade Shrine","player_choice":"Upgraded","floor":2,"cards_obtained":null,"cards_removed":null,"cards_transformed":null,"cards_upgraded":["Flying Knee"],"relics_obtained":null,"potions_obtained":null,"relics_lost":null,"damage_taken":0,"damage_healed":0,"max_hp_loss":0,"max_hp_gain":0,"gold_gain":0,"gold_loss":0},{"event_name":"The Cleric","player_choice":"Card Removal","floor":11,"cards_obtained":null,"cards_removed":["Defend_G"],"cards_transformed":null,"cards_upgraded":null,"relics_obtained":null,"potions_obtained":null,"relics_lost":null,"damage_taken":0,"damage_healed":0,"max_hp_loss":0,"max_hp_gain":0,"gold_gain":0,"gold_loss":50},{"event_name":"Cursed Tome","player_choice":"Ignored","floor":19,"cards_obtained":null,"cards_removed":null,"cards_transformed":null,"cards_upgraded":null,"relics_obtained":null,"potions_obtained":null,"relics_lost":null,"damage_taken":0,"damage_healed":0,"max_hp_loss":0,"max_hp_gain":0,"gold_gain":0,"gold_loss":0},{"event_name":"Designer","player_choice":"Upgrade and Remove","floor":20,"cards_obtained":null,"cards_removed":["Heel Hook"],"cards_transformed":null,"cards_upgraded":["Setup"],"relics_obtained":null,"potions_obtained":null,"relics_lost":null,"damage_taken":0,"damage_healed":0,"max_hp_loss":0,"max_hp_gain":0,"gold_gain":0,"gold_loss":90},{"event_name":"The Joust","player_choice":"Bet on Murderer","floor":25,"cards_obtained":null,"cards_removed":null,"cards_transformed":null,"cards_upgraded":null,"relics_obtained":null,"potions_obtained":null,"relics_lost":null,"damage_taken":0,"damage_healed":0,"max_hp_loss":0,"max_hp_gain":0,"gold_gain":0,"gold_loss":50}],"boss_relics":[{"picked":"Pandora's Box","not_picked":["Cursed Key","Runic Dome"]}],"damage_taken":[{"floor":1,"enemies":"2 Louse","damage":4,"turns":4},{"floor":3,"enemies":"Cultist","damage":0,"turns":4},{"floor":4,"enemies":"Small Slimes","damage":1,"turns":5},{"floor":5,"enemies":"2 Fungi Beasts","damage":6,"turns":5},{"floor":6,"enemies":"Lagavulin","damage":57,"turns":9},{"floor":8,"enemies":"Red Slaver","damage":9,"turns":3},{"floor":13,"enemies":"3 Sentries","damage":7,"turns":5},{"floor":14,"enemies":"Exordium Thugs","damage":0,"turns":3},{"floor":16,"enemies":"Hexaghost","damage":15,"turns":8},{"floor":18,"enemies":"2 Thieves","damage":30,"turns":4},{"floor":21,"enemies":"Chosen","damage":8,"turns":3},{"floor":22,"enemies":"Snake Plant","damage":0,"turns":1},{"floor":23,"enemies":"Gremlin Leader","damage":0,"turns":4},{"floor":27,"enemies":"Cultist and Chosen","damage":6,"turns":5},{"floor":28,"enemies":"3 Cultists","damage":12,"turns":4},{"floor":31,"enemies":"Book of Stabbing","damage":31,"turns":4},{"floor":33,"enemies":"Champ","damage":51,"turns":8}],"potions_obtained":[{"key":"FairyPotion","floor":1},{"key":"BlessingOfTheForge","floor":3},{"key":"Regen Potion","floor":5},{"key":"SteroidPotion","floor":14},{"key":"SmokeBomb","floor":16},{"key":"EntropicBrew","floor":21},{"key":"LiquidBronze","floor":31}],"relics_obtained":[{"key":"Blood Vial","floor":6},{"key":"Mercury Hourglass","floor":9},{"key":"Matryoshka","floor":10},{"key":"Sundial","floor":13},{"key":"MealTicket","floor":23},{"key":"Anchor","floor":26},{"key":"Meat on the Bone","floor":26},{"key":"Gambling Chip","floor":31}],"campfire_choices":[{"floor":7,"key":"SMITH","data":"Die Die Die"},{"floor":15,"key":"SMITH","data":"Bouncing Flask"},{"floor":24,"key":"REST"},{"floor":30,"key":"SMITH","data":"Doppelganger"},{"floor":32,"key":"SMITH","data":"Setup"}],"circlet_count":0,"win_rate":0,"killed_by":"Champ"}