{"play_id":"317aecd6-4ffb-410a-8ade-ba7ce6d432a4","build_version":"2020-01-27","seed_played":"-2360430129724415898","chose_seed":false,"seed_source_timestamp":0,"is_daily":false,"special_seed":0,"is_trial":false,"is_endless":false,"is_ascension_mode":true,"ascension_level":11,"neow_bonus":"ONE_RARE_RELIC","neow_cost":"PERCENT_DAMAGE","is_beta":false,"is_prod":false,"victory":false,"floor_reached":6,"score":53,"timestamp":1704041958,"local_time":"12/31/2023 16:59:18","playtime":511,"player_experience":472755,"master_deck":["AscendersBane","Strike_G","Strike_G","Strike_G+1","Strike_G","Strike_G","Defend_G","Defend_G","Defend_G","Defend_G+1","Survivor","Neutralize","Finisher"],"relics":["Ring of the Snake","The Specimen"],"gold":90,"campfire_rested":0,"campfire_upgraded":0,"purchased_purges":0,"potions_floor_spawned":[1],"potions_floor_usage":[6],"current_hp_per_floor":[40,26,19,12,29,0],"max_hp_per_floor":[70,70,70,70,70,70],"gold_per_floor":[114,114,114,125,90,90],"path_per_floor":["M","?","?","M","?","E"],"path_taken":["M","?","?","M","?","E"],"items_purchased":[],"item_purchase_floors":[],"items_purged":[],"items_purged_floors":[],"character_chosen":"THE_SILENT","card_choices":[{"picked":"Finisher","not_picked":["Leg Sweep","Backflip"],"floor":1},{"picked":"SKIP","not_picked":["Acrobatics","Slice","Sucker Punch"],"floor":4}],"event_choices":[{"event_name":"Shining Light","player_choice":"Entered Light","floor":2,"cards_obtained":null,"cards_removed":null,"cards_transformed":null,"cards_upgraded":["Strike_G","Defend_G"],"relics_obtained":null,"potions_obtained":null,"relics_lost":null,"damage_taken":14,"damage_healed":0,"max_hp_loss":0,"max_hp_gain":0,"gold_gain":0,"gold_loss":0},{"event_name":"Golden Wing","player_choice":"Card Removal","floor":3,"cards_obtained":null,"cards_removed":["Defend_G"],"cards_transformed":null,"cards_upgraded":null,"relics_obtained":null,"potions_obtained":null,"relics_lost":null,"damage_taken":7,"damage_healed":0,"max_hp_loss":0,"max_hp_gain":0,"gold_gain":0,"gold_loss":0},{"event_name":"The Cleric","player_choice":"Healed","floor":5,"cards_obtained":null,"cards_removed":null,"cards_transformed":null,"cards_upgraded":null,"relics_obtained":null,"potions_obtained":null,"relics_lost":null,"damage_taken":0,"damage_healed":17,"max_hp_loss":0,"max_hp_gain":0,"gold_gain":0,"gold_loss":35}],"boss_relics":[],"damage_taken":[{"floor":1,"enemies":"Jaw Worm","damage":5,"turns":4},{"floor":4,"enemies":"Small Slimes","damage":7,"turns":5},{"floor":6,"enemies":"Lagavulin","damage":44,"turns":6}],"potions_obtained":[{"key":"Ancient Potion","floor":1}],"relics_obtained":[],"campfire_choices":[],"circlet_count":0,"win_rate":0,"killed_by":"Lagavulin"}