{"play_id":"9f8d0de6-99ef-47e7-b02f-5f5af05c130a","build_version":"2020-01-27","seed_played":"-3196562518584049136","chose_seed":false,"seed_source_timestamp":2875004714202,"is_daily":false,"special_seed":null,"is_trial":false,"is_endless":false,"is_ascension_mode":true,"ascension_level":11,"neow_bonus":"THREE_ENEMY_KILL","neow_cost":"NONE","is_beta":false,"is_prod":false,"victory":false,"floor_reached":7,"score":79,"timestamp":1704073790,"local_time":"01/01/2024 01:49:50","playtime":279,"player_experience":473266,"master_deck":["AscendersBane","Strike_G","Strike_G","Strike_G","Strike_G","Strike_G","Defend_G","Defend_G","Defend_G","Defend_G","Survivor+1","Neutralize","Backflip+1","Blade Dance","Backstab","Noxious Fumes"],"relics":["Ring of the Snake","NeowsBlessing","Bottled Flame"],"gold":173,"campfire_rested":0,"campfire_upgraded":0,"purchased_purges":0,"potions_floor_spawned":[5],"potions_floor_usage":[6],"current_hp_per_floor":[63,63,49,42,42,4,0],"max_hp_per_floor":[70,70,70,70,70,70,70],"gold_per_floor":[110,126,126,126,138,173,173],"path_per_floor":["M","M","?","?","M","E","M"],"path_taken":["M","M","?","?","?","E","M"],"items_purchased":[],"item_purchase_floors":[],"items_purged":[],"items_purged_floors":[],"character_chosen":"THE_SILENT","card_choices":[{"picked":"Backflip","not_picked":["Prepared","Outmaneuver"],"floor":1},{"picked":"Blade Dance","not_picked":["Eviscerate","Calculated Gamble"],"floor":2},{"picked":"Backstab","not_picked":["Reflex","Backflip"],"floor":5},{"picked":"SKIP","not_picked":["Infinite Blades","Noxious Fumes","Slice"],"floor":6},{"picked":"Noxious Fumes","not_picked":["Infinite Blades","Slice"],"floor":6}],"event_choices":[{"event_name":"Shining Light","player_choice":"Entered Light","floor":3,"cards_obtained":null,"cards_removed":null,"cards_transformed":null,"cards_upgraded":["Survivor","Backflip"],"relics_obtained":null,"potions_obtained":null,"relics_lost":null,"damage_taken":14,"damage_healed":0,"max_hp_loss":0,"max_hp_gain":0,"gold_gain":0,"gold_loss":0},{"event_name":"Golden Wing","player_choice":"Card Removal","floor":4,"cards_obtained":null,"cards_removed":["Defend_G"],"cards_transformed":null,"cards_upgraded":null,"relics_obtained":null,"potions_obtained":null,"relics_lost":null,"damage_taken":7,"damage_healed":0,"max_hp_loss":0,"max_hp_gain":0,"gold_gain":0,"gold_loss":0}],"boss_relics":[],"damage_taken":[{"floor":1,"enemies":"2 Louse","damage":0,"turns":1},{"floor":2,"enemies":"Jaw Worm","damage":0,"turns":1},{"floor":5,"enemies":"Small Slimes","damage":0,"turns":1},{"floor":6,"enemies":"Gremlin Nob","damage":38,"turns":4},{"floor":7,"enemies":"Blue Slaver","damage":5,"turns":2}],"potions_obtained":[{"key":"PowerPotion","floor":5}],"relics_obtained":[{"key":"Bottled Flame","floor":6}],"campfire_choices":[],"circlet_count":0,"win_rate":0,"killed_by":"Blue Slaver"}