{"play_id":"2b90785c-19f1-43e5-a9cf-5246a5737046","build_version":"2020-01-27","seed_played":"-8646675797498961671","chose_seed":false,"seed_source_timestamp":1649226213738,"is_daily":false,"special_seed":null,"is_trial":false,"is_endless":false,"is_ascension_mode":true,"ascension_level":12,"neow_bonus":"TRANSFORM_TWO_CARDS","neow_cost":"TEN_PERCENT_HP_LOSS","is_beta":false,"is_prod":false,"victory":false,"floor_reached":24,"score":317,"timestamp":1705983096,"local_time":"01/23/2024 04:11:36","playtime":1222,"player_experience":504787,"master_deck":["AscendersBane","Strike_G","Strike_G","Defend_G","Defend_G","Defend_G","Defend_G","Survivor","Neutralize","Backstab","Doppelganger","Sucker Punch","Doppelganger","Dagger Spray","Noxious Fumes","Slice","Catalyst","Dash","Blur","Crippling Poison","Crippling Poison","Bouncing Flask","Adrenaline","CurseOfTheBell","PiercingWail","Crippling Poison","Heel Hook","Concentrate"],"relics":["Ring of the Snake","Peace Pipe","Unceasing Top","Gremlin Horn","Calling Bell","Smiling Mask","Kunai","Tingsha","ClockworkSouvenir","Red Mask"],"gold":43,"campfire_rested":1,"campfire_upgraded":0,"purchased_purges":1,"potions_floor_spawned":[6,8,10,13,16,22],"potions_floor_usage":[13,16,18,18,24],"current_hp_per_floor":[63,63,63,63,63,47,47,47,47,41,41,41,39,39,39,19,52,45,45,45,45,23,41,0],"max_hp_per_floor":[63,63,63,63,63,63,63,63,63,63,63,63,63,63,63,63,63,63,63,63,63,63,63,63],"gold_per_floor":[112,112,8,283,300,328,328,346,346,364,37,52,68,83,83,182,182,200,200,220,15,43,43,43],"path_per_floor":["M","?","$","?","M","E","R","M","T","M","$","M","M","M","R","B",null,"M","?","M","$","?","R","E"],"path_taken":["M","?","?","?","?","E","R","M","T","M","$","M","M","M","R","BOSS","M","?","?","$","?","R","E"],"items_purchased":["Noxious Fumes","Slice","Gremlin Horn","Crippling Poison","ClockworkSouvenir"],"item_purchase_floors":[3,3,11,11,21],"items_purged":["Strike_G"],"items_purged_floors":[21],"character_chosen":"THE_SILENT","card_choices":[{"picked":"Sucker Punch","not_picked":["Quick Slash","Bane"],"floor":1},{"picked":"Catalyst","not_picked":["Acrobatics","Underhanded Strike"],"floor":5},{"picked":"Dash","not_picked":["Expertise","Sucker Punch"],"floor":6},{"picked":"Blur","not_picked":["All Out Attack","Slice"],"floor":8},{"picked":"SKIP","not_picked":["Deflect","Distraction","Caltrops"],"floor":10},{"picked":"Crippling Poison","not_picked":["Sucker Punch","After Image"],"floor":12},{"picked":"Bouncing Flask","not_picked":["Outmaneuver","Deadly Poison"],"floor":13},{"picked":"SKIP","not_picked":["Choke","Prepared","All Out Attack"],"floor":14},{"picked":"Adrenaline","not_picked":["Burst","Die Die Die"],"floor":16},{"picked":"PiercingWail","not_picked":["Deflect","Bane"],"floor":18},{"picked":"Heel Hook","not_picked":["Underhanded Strike","Quick Slash"],"floor":20},{"picked":"Concentrate","not_picked":["Outmaneuver","Acrobatics+1"],"floor":22}],"event_choices":[{"event_name":"Match and Keep!","player_choice":"2 cards matched","floor":2,"cards_obtained":["Doppelganger","Dagger Spray"],"cards_removed":null,"cards_transformed":null,"cards_upgraded":null,"relics_obtained":null,"potions_obtained":null,"relics_lost":null,"damage_taken":0,"damage_healed":0,"max_hp_loss":0,"max_hp_gain":0,"gold_gain":0,"gold_loss":0},{"event_name":"Golden Shrine","player_choice":"Desecrate","floor":4,"cards_obtained":["Regret"],"cards_removed":null,"cards_transformed":null,"cards_upgraded":null,"relics_obtained":null,"potions_obtained":null,"relics_lost":null,"damage_taken":0,"damage_healed":0,"max_hp_loss":0,"max_hp_gain":0,"gold_gain":275,"gold_loss":0},{"event_name":"Match and Keep!","player_choice":"1 cards matched","floor":19,"cards_obtained":["Crippling Poison"],"cards_removed":null,"cards_transformed":null,"cards_upgraded":null,"relics_obtained":null,"potions_obtained":null,"relics_lost":null,"damage_taken":0,"damage_healed":0,"max_hp_loss":0,"max_hp_gain":0,"gold_gain":0,"gold_loss":0},{"event_name":"Masked Bandits","player_choice":"Fought Bandits","floor":22,"cards_obtained":null,"cards_removed":null,"cards_transformed":null,"cards_upgraded":null,"relics_obtained":null,"potions_obtained":null,"relics_lost":null,"damage_taken":0,"damage_healed":0,"max_hp_loss":0,"max_hp_gain":0,"gold_gain":0,"gold_loss":0}],"boss_relics":[{"picked":"Calling Bell","not_picked":["WristBlade","Sozu"]}],"damage_taken":[{"floor":1,"enemies":"2 Louse","damage":0,"turns":3},{"floor":5,"enemies":"Cultist","damage":0,"turns":3},{"floor":6,"enemies":"3 Sentries","damage":16,"turns":7},{"floor":8,"enemies":"Small Slimes","damage":0,"turns":2},{"floor":10,"enemies":"Looter","damage":6,"turns":4},{"floor":12,"enemies":"Lots of Slimes","damage":0,"turns":1},{"floor":13,"enemies":"Large Slime","damage":2,"turns":4},{"floor":14,"enemies":"Exordium Wildlife","damage":0,"turns":2},{"floor":16,"enemies":"Hexaghost","damage":20,"turns":7},{"floor":18,"enemies":"2 Thieves","damage":7,"turns":4},{"floor":20,"enemies":"3 Byrds","damage":0,"turns":4},{"floor":22,"enemies":"Masked Bandits","damage":22,"turns":5},{"floor":24,"enemies":"Slavers","damage":52,"turns":3}],"potions_obtained":[{"key":"Poison Potion","floor":6},{"key":"BlessingOfTheForge","floor":8},{"key":"PowerPotion","floor":13},{"key":"SkillPotion","floor":16},{"key":"SkillPotion","floor":22}],"relics_obtained":[{"key":"Peace Pipe","floor":6},{"key":"Unceasing Top","floor":9},{"key":"Smiling Mask","floor":17},{"key":"Kunai","floor":17},{"key":"Tingsha","floor":17},{"key":"Red Mask","floor":22}],"campfire_choices":[{"floor":7,"key":"PURGE","data":"Regret"},{"floor":15,"key":"PURGE","data":"Strike_G"},{"floor":23,"key":"REST"}],"circlet_count":0,"win_rate":0,"killed_by":"Slavers"}