{"play_id":"cf9b3dc6-4f61-47d4-96c7-4f0ab7c31bfa","build_version":"2020-01-27","seed_played":"-1148034085527852698","chose_seed":false,"seed_source_timestamp":1170930277579,"is_daily":false,"special_seed":null,"is_trial":false,"is_endless":false,"is_ascension_mode":true,"ascension_level":12,"neow_bonus":"TRANSFORM_TWO_CARDS","neow_cost":"PERCENT_DAMAGE","is_beta":false,"is_prod":false,"victory":false,"floor_reached":8,"score":90,"timestamp":1705847491,"local_time":"01/21/2024 14:31:31","playtime":294,"player_experience":504014,"master_deck":["AscendersBane","Strike_G","Strike_G","Strike_G","Strike_G","Defend_G","Defend_G","Defend_G","Defend_G","Survivor","Neutralize","Footwork","Glass Knife","Infinite Blades","Noxious Fumes","Deadly Poison"],"relics":["Ring of the Snake","Golden Idol","Regal Pillow","Meat on the Bone"],"gold":4,"campfire_rested":0,"campfire_upgraded":0,"purchased_purges":0,"potions_floor_spawned":[1,6],"potions_floor_usage":[6,8],"current_hp_per_floor":[39,37,37,26,26,12,12,0],"max_hp_per_floor":[70,70,70,70,65,65,65,65],"gold_per_floor":[109,120,139,214,214,254,4,4],"path_per_floor":["M","M","M","?","?","E","$","E"],"path_taken":["M","M","?","?","?","E","?","E"],"items_purchased":["Meat on the Bone"],"item_purchase_floors":[7],"items_purged":[],"items_purged_floors":[],"character_chosen":"THE_SILENT","card_choices":[{"picked":"Infinite Blades","not_picked":["Concentrate","Quick Slash"],"floor":1},{"picked":"Noxious Fumes","not_picked":["Blade Dance","Prepared"],"floor":2},{"picked":"Deadly Poison","not_picked":["Prepared","Distraction"],"floor":3},{"picked":"SKIP","not_picked":["Underhanded Strike","Tactician","Dagger Spray"],"floor":6}],"event_choices":[{"event_name":"World of Goop","player_choice":"Gather Gold","floor":4,"cards_obtained":null,"cards_removed":null,"cards_transformed":null,"cards_upgraded":null,"relics_obtained":null,"potions_obtained":null,"relics_lost":null,"damage_taken":11,"damage_healed":0,"max_hp_loss":0,"max_hp_gain":0,"gold_gain":75,"gold_loss":0},{"event_name":"Golden Idol","player_choice":"Lose Max HP","floor":5,"cards_obtained":null,"cards_removed":null,"cards_transformed":null,"cards_upgraded":null,"relics_obtained":["Golden Idol"],"potions_obtained":null,"relics_lost":null,"damage_taken":0,"damage_healed":0,"max_hp_loss":5,"max_hp_gain":0,"gold_gain":0,"gold_loss":0}],"boss_relics":[],"damage_taken":[{"floor":1,"enemies":"Cultist","damage":6,"turns":3},{"floor":2,"enemies":"Jaw Worm","damage":2,"turns":4},{"floor":3,"enemies":"2 Louse","damage":0,"turns":2},{"floor":6,"enemies":"Lagavulin","damage":14,"turns":7},{"floor":8,"enemies":"3 Sentries","damage":20,"turns":6}],"potions_obtained":[{"key":"Swift Potion","floor":1},{"key":"AttackPotion","floor":6}],"relics_obtained":[{"key":"Regal Pillow","floor":6}],"campfire_choices":[],"circlet_count":0,"win_rate":0,"killed_by":"3 Sentries"}