{"play_id":"21ebce31-3b42-4130-969b-e2ec4a63f154","build_version":"2020-01-27","seed_played":"5185032067656209175","chose_seed":false,"seed_source_timestamp":0,"is_daily":false,"special_seed":0,"is_trial":false,"is_endless":false,"is_ascension_mode":true,"ascension_level":12,"neow_bonus":"BOSS_RELIC","neow_cost":"NONE","is_beta":false,"is_prod":false,"victory":false,"floor_reached":45,"score":790,"timestamp":1706367347,"local_time":"01/27/2024 14:55:47","playtime":1894,"player_experience":507689,"master_deck":["AscendersBane","Strike_G+1","Defend_G","Survivor","Neutralize+1","Backflip","Bouncing Flask+1","Poisoned Stab+1","Tools of the Trade","Catalyst+1","Riddle With Holes","Noxious Fumes+1","After Image","Tools of the Trade","Venomology","HandOfGreed+1","Concentrate+1","PiercingWail+1","Catalyst"],"relics":["Busted Crown","Juzu Bracelet","Strawberry","Tiny House","Ornamental Fan","Nunchaku","Molten Egg 2","Ninja Scroll","Empty Cage","Ice Cream","Toy Ornithopter","Happy Flower","Snake Skull","Toolbox"],"gold":128,"campfire_rested":2,"campfire_upgraded":5,"purchased_purges":3,"potions_floor_spawned":[2,8,14,20,40],"potions_floor_usage":[12,16,31,31,39,40,40,45,45,45],"current_hp_per_floor":[58,58,58,58,41,41,41,41,41,41,41,43,43,43,43,12,66,45,45,32,32,32,32,32,32,32,32,32,32,56,52,52,7,63,61,61,48,48,38,17,17,41,41,41,0],"max_hp_per_floor":[70,70,70,70,70,70,70,70,70,70,70,77,77,77,77,77,82,82,82,82,82,82,82,82,82,82,82,82,82,82,82,82,82,82,82,82,82,82,82,82,82,82,82,82,82],"gold_per_floor":[112,130,7,22,22,22,22,37,61,61,11,52,52,77,77,197,260,279,89,114,42,42,42,141,141,141,141,41,41,41,85,85,215,215,230,45,133,466,504,533,253,253,280,128,128],"path_per_floor":["M","M","$","M","?","R","?","M","T","R","?","E","?","M","R","B",null,"M","$","M","$","?","?","?","R","T","?","$","?","R","E","R","B",null,"M","$","?","?","M","E","$","R","T","$","E"],"path_taken":["M","M","$","M","?","R","?","M","T","R","?","E","?","M","R","BOSS","M","$","M","$","?","?","?","R","T","?","$","?","R","E","R","BOSS","M","$","?","?","M","E","$","R","T","?","E"],"items_purchased":["Bouncing Flask","Poisoned Stab","Catalyst","Riddle With Holes","Noxious Fumes","HandOfGreed+1","Happy Flower","Toolbox"],"item_purchase_floors":[3,3,19,19,21,36,41,44],"items_purged":["Defend_G","Writhe","Strike_G"],"items_purged_floors":[19,28,41],"character_chosen":"THE_SILENT","card_choices":[{"picked":"SKIP","not_picked":["Dagger Spray"],"floor":1},{"picked":"Backflip","not_picked":[],"floor":2},{"picked":"SKIP","not_picked":["Finisher"],"floor":4},{"picked":"SKIP","not_picked":["Dodge and Roll"],"floor":8},{"picked":"SKIP","not_picked":["Choke"],"floor":12},{"picked":"SKIP","not_picked":["Prepared"],"floor":14},{"picked":"Tools of the Trade","not_picked":[],"floor":16},{"picked":"SKIP","not_picked":["Dagger Spray"],"floor":18},{"picked":"SKIP","not_picked":["Flying Knee"],"floor":20},{"picked":"SKIP","not_picked":["Prepared"],"floor":31},{"picked":"Venomology","not_picked":[],"floor":33},{"picked":"SKIP","not_picked":["Backstab+1"],"floor":35},{"picked":"Concentrate+1","not_picked":[],"floor":37},{"picked":"PiercingWail+1","not_picked":[],"floor":39},{"picked":"Catalyst","not_picked":[],"floor":40}],"event_choices":[{"event_name":"Golden Idol","player_choice":"Take Damage","floor":5,"cards_obtained":null,"cards_removed":null,"cards_transformed":null,"cards_upgraded":null,"relics_obtained":["Golden Idol"],"potions_obtained":null,"relics_lost":null,"damage_taken":17,"damage_healed":0,"max_hp_loss":0,"max_hp_gain":0,"gold_gain":0,"gold_loss":0},{"event_name":"Living Wall","player_choice":"Forget","floor":7,"cards_obtained":null,"cards_removed":["Strike_G"],"cards_transformed":null,"cards_upgraded":null,"relics_obtained":null,"potions_obtained":null,"relics_lost":null,"damage_taken":0,"damage_healed":0,"max_hp_loss":0,"max_hp_gain":0,"gold_gain":0,"gold_loss":0},{"event_name":"The Cleric","player_choice":"Card Removal","floor":11,"cards_obtained":null,"cards_removed":["Defend_G"],"cards_transformed":null,"cards_upgraded":null,"relics_obtained":null,"potions_obtained":null,"relics_lost":null,"damage_taken":0,"damage_healed":0,"max_hp_loss":0,"max_hp_gain":0,"gold_gain":0,"gold_loss":50},{"event_name":"Liars Game","player_choice":"Ignored","floor":13,"cards_obtained":null,"cards_removed":null,"cards_transformed":null,"cards_upgraded":null,"relics_obtained":null,"potions_obtained":null,"relics_lost":null,"damage_taken":0,"damage_healed":0,"max_hp_loss":0,"max_hp_gain":0,"gold_gain":0,"gold_loss":0},{"event_name":"The Mausoleum","player_choice":"Opened","floor":22,"cards_obtained":["Writhe"],"cards_removed":null,"cards_transformed":null,"cards_upgraded":null,"relics_obtained":["Ornamental Fan"],"potions_obtained":null,"relics_lost":null,"damage_taken":0,"damage_healed":0,"max_hp_loss":0,"max_hp_gain":0,"gold_gain":0,"gold_loss":0},{"event_name":"Wheel of Change","player_choice":"Relic","floor":23,"cards_obtained":null,"cards_removed":null,"cards_transformed":null,"cards_upgraded":null,"relics_obtained":null,"potions_obtained":null,"relics_lost":null,"damage_taken":0,"damage_healed":0,"max_hp_loss":0,"max_hp_gain":0,"gold_gain":0,"gold_loss":0},{"event_name":"Nest","player_choice":"Stole From Cult","floor":24,"cards_obtained":null,"cards_removed":null,"cards_transformed":null,"cards_upgraded":null,"relics_obtained":null,"potions_obtained":null,"relics_lost":null,"damage_taken":0,"damage_healed":0,"max_hp_loss":0,"max_hp_gain":0,"gold_gain":99,"gold_loss":0},{"event_name":"Drug Dealer","player_choice":"Became Test Subject","floor":27,"cards_obtained":["After Image","Tools of the Trade"],"cards_removed":null,"cards_transformed":["Strike_G","Defend_G"],"cards_upgraded":null,"relics_obtained":null,"potions_obtained":null,"relics_lost":null,"damage_taken":0,"damage_healed":0,"max_hp_loss":0,"max_hp_gain":0,"gold_gain":0,"gold_loss":0},{"event_name":"Ghosts","player_choice":"Ignored","floor":29,"cards_obtained":null,"cards_removed":null,"cards_transformed":null,"cards_upgraded":null,"relics_obtained":null,"potions_obtained":null,"relics_lost":null,"damage_taken":0,"damage_healed":0,"max_hp_loss":0,"max_hp_gain":0,"gold_gain":0,"gold_loss":0},{"event_name":"MindBloom","player_choice":"Fight","floor":37,"cards_obtained":null,"cards_removed":null,"cards_transformed":null,"cards_upgraded":null,"relics_obtained":null,"potions_obtained":null,"relics_lost":null,"damage_taken":0,"damage_healed":0,"max_hp_loss":0,"max_hp_gain":0,"gold_gain":0,"gold_loss":0},{"event_name":"The Moai Head","player_choice":"Gave Idol","floor":38,"cards_obtained":null,"cards_removed":null,"cards_transformed":null,"cards_upgraded":null,"relics_obtained":null,"potions_obtained":null,"relics_lost":["Golden Idol"],"damage_taken":0,"damage_healed":0,"max_hp_loss":0,"max_hp_gain":0,"gold_gain":333,"gold_loss":0}],"boss_relics":[{"picked":"Tiny House","not_picked":["SacredBark","Runic Dome"]},{"picked":"Empty Cage","not_picked":["WristBlade","Philosopher's Stone"]}],"damage_taken":[{"floor":1,"enemies":"Jaw Worm","damage":5,"turns":4},{"floor":2,"enemies":"2 Louse","damage":0,"turns":3},{"floor":4,"enemies":"Small Slimes","damage":0,"turns":3},{"floor":8,"enemies":"Blue Slaver","damage":0,"turns":3},{"floor":12,"enemies":"Lagavulin","damage":5,"turns":6},{"floor":14,"enemies":"3 Louse","damage":0,"turns":5},{"floor":16,"enemies":"Slime Boss","damage":31,"turns":11},{"floor":18,"enemies":"Chosen","damage":21,"turns":5},{"floor":20,"enemies":"Spheric Guardian","damage":13,"turns":5},{"floor":31,"enemies":"Book of Stabbing","damage":4,"turns":5},{"floor":33,"enemies":"Collector","damage":45,"turns":8},{"floor":35,"enemies":"Orb Walker","damage":2,"turns":4},{"floor":37,"enemies":"Mind Bloom Boss Battle","damage":13,"turns":6},{"floor":39,"enemies":"3 Shapes","damage":10,"turns":3},{"floor":40,"enemies":"Giant Head","damage":21,"turns":6},{"floor":45,"enemies":"Reptomancer","damage":64,"turns":5}],"potions_obtained":[{"key":"Fire Potion","floor":2},{"key":"Block Potion","floor":8},{"key":"Dexterity Potion","floor":14},{"key":"GamblersBrew","floor":17},{"key":"EssenceOfSteel","floor":20},{"key":"Dexterity Potion","floor":40}],"relics_obtained":[{"key":"Juzu Bracelet","floor":9},{"key":"Strawberry","floor":12},{"key":"Nunchaku","floor":23},{"key":"Molten Egg 2","floor":26},{"key":"Ninja Scroll","floor":31},{"key":"Ice Cream","floor":37},{"key":"Toy Ornithopter","floor":40},{"key":"Snake Skull","floor":43}],"campfire_choices":[{"floor":6,"key":"SMITH","data":"Bouncing Flask"},{"floor":10,"key":"SMITH","data":"Poisoned Stab"},{"floor":15,"key":"SMITH","data":"Neutralize"},{"floor":25,"key":"SMITH","data":"Catalyst"},{"floor":30,"key":"REST"},{"floor":32,"key":"SMITH","data":"Noxious Fumes"},{"floor":42,"key":"REST"}],"circlet_count":0,"win_rate":0,"killed_by":"Reptomancer"}