{"play_id":"fda8614c-5a36-4da4-92ed-7ba8aa3a4520","build_version":"2020-01-27","seed_played":"-6568115393159447300","chose_seed":false,"seed_source_timestamp":2450896967485,"is_daily":false,"special_seed":null,"is_trial":false,"is_endless":false,"is_ascension_mode":true,"ascension_level":13,"neow_bonus":"TWENTY_PERCENT_HP_BONUS","neow_cost":"NO_GOLD","is_beta":false,"is_prod":false,"victory":false,"floor_reached":30,"score":556,"timestamp":1713442801,"local_time":"04/18/2024 12:20:01","playtime":1550,"player_experience":619626,"master_deck":["AscendersBane","Strike_G+1","Strike_G","Strike_G","Strike_G+1","Defend_G","Defend_G","Defend_G","Defend_G","Survivor","Neutralize","Footwork","Backstab","Noxious Fumes+1","Poisoned Stab","Deadly Poison+1","Heel Hook+1","Slice+1","Corpse Explosion","Poisoned Stab+1","Deflect","Noxious Fumes","Noxious Fumes+1","Bane+1","Calculated Gamble"],"relics":["Ring of the Snake","Du-Vu Doll","The Courier","Molten Egg 2","InkBottle","Runic Pyramid","Bottled Tornado","Anchor","Frozen Egg 2"],"gold":224,"campfire_rested":3,"campfire_upgraded":2,"purchased_purges":1,"potions_floor_spawned":[7,10,24,29],"potions_floor_usage":[10,16,29,30],"current_hp_per_floor":[75,75,64,64,64,64,33,33,33,30,30,30,13,13,38,38,73,51,35,35,35,19,45,2,28,28,28,28,17,0],"max_hp_per_floor":[84,84,84,84,84,84,84,84,84,84,84,84,84,84,84,84,84,84,84,84,84,89,89,89,89,89,89,89,89,89],"gold_per_floor":[12,12,87,13,26,26,60,60,60,86,86,98,98,98,98,173,173,188,201,141,141,141,141,176,176,176,176,189,224,224],"path_per_floor":["M","?","?","$","M","R","E","R","T","E","T","M","?","?","R","B",null,"M","M","$","?","?","R","E","R","T","?","M","E","?"],"path_taken":["M","?","?","$","M","R","E","R","T","E","?","?","?","?","R","BOSS","M","M","$","?","?","R","E","R","T","?","?","E","?"],"items_purchased":["Noxious Fumes"],"item_purchase_floors":[4],"items_purged":["Strike_G"],"items_purged_floors":[20],"character_chosen":"THE_SILENT","card_choices":[{"picked":"Footwork","not_picked":["Bane","Dagger Throw"],"floor":1},{"picked":"Poisoned Stab","not_picked":["Bane","Acrobatics"],"floor":5},{"picked":"Deadly Poison","not_picked":["Outmaneuver","Leg Sweep"],"floor":7},{"picked":"Heel Hook+1","not_picked":["Flying Knee+1","Acrobatics"],"floor":10},{"picked":"Slice+1","not_picked":["All Out Attack+1","PiercingWail"],"floor":12},{"picked":"Corpse Explosion","not_picked":["Unload+1","After Image"],"floor":16},{"picked":"Poisoned Stab+1","not_picked":["Tactician","Backflip"],"floor":18},{"picked":"Deflect","not_picked":["Quick Slash+1","Poisoned Stab+1"],"floor":19},{"picked":"Noxious Fumes","not_picked":["Blade Dance","Envenom"],"floor":24},{"picked":"Bane+1","not_picked":["Prepared","Underhanded Strike+1"],"floor":28},{"picked":"Calculated Gamble","not_picked":["Finisher+1","Blade Dance"],"floor":29}],"event_choices":[{"event_name":"Living Wall","player_choice":"Change","floor":2,"cards_obtained":["Backstab"],"cards_removed":null,"cards_transformed":["Defend_G"],"cards_upgraded":null,"relics_obtained":null,"potions_obtained":null,"relics_lost":null,"damage_taken":0,"damage_healed":0,"max_hp_loss":0,"max_hp_gain":0,"gold_gain":0,"gold_loss":0},{"event_name":"World of Goop","player_choice":"Gather Gold","floor":3,"cards_obtained":null,"cards_removed":null,"cards_transformed":null,"cards_upgraded":null,"relics_obtained":null,"potions_obtained":null,"relics_lost":null,"damage_taken":11,"damage_healed":0,"max_hp_loss":0,"max_hp_gain":0,"gold_gain":75,"gold_loss":0},{"event_name":"Shining Light","player_choice":"Entered Light","floor":13,"cards_obtained":null,"cards_removed":null,"cards_transformed":null,"cards_upgraded":["Strike_G","Strike_G"],"relics_obtained":null,"potions_obtained":null,"relics_lost":null,"damage_taken":17,"damage_healed":0,"max_hp_loss":0,"max_hp_gain":0,"gold_gain":0,"gold_loss":0},{"event_name":"Match and Keep!","player_choice":"0 cards matched","floor":14,"cards_obtained":[],"cards_removed":null,"cards_transformed":null,"cards_upgraded":null,"relics_obtained":null,"potions_obtained":null,"relics_lost":null,"damage_taken":0,"damage_healed":0,"max_hp_loss":0,"max_hp_gain":0,"gold_gain":0,"gold_loss":0},{"event_name":"Ghosts","player_choice":"Ignored","floor":21,"cards_obtained":null,"cards_removed":null,"cards_transformed":null,"cards_upgraded":null,"relics_obtained":null,"potions_obtained":null,"relics_lost":null,"damage_taken":0,"damage_healed":0,"max_hp_loss":0,"max_hp_gain":0,"gold_gain":0,"gold_loss":0},{"event_name":"Forgotten Altar","player_choice":"Shed Blood","floor":22,"cards_obtained":null,"cards_removed":null,"cards_transformed":null,"cards_upgraded":null,"relics_obtained":null,"potions_obtained":null,"relics_lost":null,"damage_taken":21,"damage_healed":0,"max_hp_loss":0,"max_hp_gain":5,"gold_gain":0,"gold_loss":0},{"event_name":"Duplicator","player_choice":"Copied","floor":27,"cards_obtained":["Noxious Fumes"],"cards_removed":null,"cards_transformed":null,"cards_upgraded":null,"relics_obtained":null,"potions_obtained":null,"relics_lost":null,"damage_taken":0,"damage_healed":0,"max_hp_loss":0,"max_hp_gain":0,"gold_gain":0,"gold_loss":0},{"event_name":"Masked Bandits","player_choice":"Fought Bandits","floor":30,"cards_obtained":null,"cards_removed":null,"cards_transformed":null,"cards_upgraded":null,"relics_obtained":null,"potions_obtained":null,"relics_lost":null,"damage_taken":0,"damage_healed":0,"max_hp_loss":0,"max_hp_gain":0,"gold_gain":0,"gold_loss":0}],"boss_relics":[{"picked":"Runic Pyramid","not_picked":["Black Star","SlaversCollar"]}],"damage_taken":[{"floor":1,"enemies":"2 Louse","damage":2,"turns":3},{"floor":5,"enemies":"Jaw Worm","damage":0,"turns":4},{"floor":7,"enemies":"Gremlin Nob","damage":31,"turns":5},{"floor":10,"enemies":"Lagavulin","damage":3,"turns":6},{"floor":12,"enemies":"Cultist","damage":0,"turns":2},{"floor":16,"enemies":"Slime Boss","damage":0,"turns":7},{"floor":18,"enemies":"2 Thieves","damage":22,"turns":4},{"floor":19,"enemies":"Spheric Guardian","damage":16,"turns":4},{"floor":24,"enemies":"Slavers","damage":43,"turns":4},{"floor":28,"enemies":"Chosen and Byrds","damage":0,"turns":5},{"floor":29,"enemies":"Book of Stabbing","damage":11,"turns":5},{"floor":30,"enemies":"Masked Bandits","damage":22,"turns":3}],"potions_obtained":[{"key":"Block Potion","floor":7},{"key":"Block Potion","floor":10},{"key":"GhostInAJar","floor":24},{"key":"Swift Potion","floor":29}],"relics_obtained":[{"key":"Du-Vu Doll","floor":7},{"key":"The Courier","floor":9},{"key":"Molten Egg 2","floor":10},{"key":"InkBottle","floor":11},{"key":"Bottled Tornado","floor":24},{"key":"Anchor","floor":26},{"key":"Frozen Egg 2","floor":29}],"campfire_choices":[{"floor":6,"key":"SMITH","data":"Noxious Fumes"},{"floor":8,"key":"SMITH","data":"Deadly Poison"},{"floor":15,"key":"REST"},{"floor":23,"key":"REST"},{"floor":25,"key":"REST"}],"circlet_count":0,"win_rate":0,"killed_by":"Masked Bandits"}