{"play_id":"6d1e04ed-f0e8-4dfc-8e0d-4c98fd1e4a50","build_version":"2020-01-27","seed_played":"-8148506846151471705","chose_seed":false,"seed_source_timestamp":0,"is_daily":false,"special_seed":0,"is_trial":false,"is_endless":false,"is_ascension_mode":true,"ascension_level":10,"neow_bonus":"THREE_ENEMY_KILL","neow_cost":"NONE","is_beta":false,"is_prod":false,"victory":false,"floor_reached":21,"score":321,"timestamp":1700588104,"local_time":"11/21/2023 17:35:04","playtime":524,"player_experience":370420,"master_deck":["AscendersBane","Defend_R","Defend_R","Defend_R","Defend_R","Bash+1","Flame Barrier","Cleave","Carnage+1","Shrug It Off","Metallicize","Inflame+1","Doubt","Barricade","Rampage+1","Burning Pact+1","Whirlwind+1","Headbutt"],"relics":["Burning Blood","NeowsBlessing","Golden Idol","Pantograph","Bronze Scales","Ginger","Astrolabe","Nilry's Codex"],"gold":546,"campfire_rested":0,"campfire_upgraded":3,"purchased_purges":0,"potions_floor_spawned":[1,7,12,16,20],"potions_floor_usage":[21],"current_hp_per_floor":[78,80,60,60,60,66,71,71,71,71,45,48,48,53,53,18,65,56,40,34,0],"max_hp_per_floor":[80,80,80,80,80,80,80,80,80,80,80,80,80,80,80,80,80,80,80,80,80],"gold_per_floor":[110,123,123,73,73,117,136,136,136,136,176,189,364,383,383,504,504,528,528,546,546],"path_per_floor":["M","M","?","?","?","E","M","R","T","R","E","M","?","M","R","B",null,"M","?","M","M"],"path_taken":["M","M","?","?","?","E","M","R","T","R","E","?","?","M","R","BOSS","M","?","M","M"],"items_purchased":[],"item_purchase_floors":[],"items_purged":[],"items_purged_floors":[],"character_chosen":"IRONCLAD","card_choices":[{"picked":"Flame Barrier","not_picked":["Iron Wave","Combust"],"floor":1},{"picked":"Cleave","not_picked":["Bloodletting","Pommel Strike"],"floor":2},{"picked":"Carnage","not_picked":["Pommel Strike","Feel No Pain"],"floor":6},{"picked":"Shrug It Off","not_picked":["Clothesline","Cleave"],"floor":7},{"picked":"Metallicize","not_picked":["Pommel Strike","Clash"],"floor":11},{"picked":"Inflame","not_picked":["Battle Trance","Shockwave"],"floor":12},{"picked":"SKIP","not_picked":["Anger","Cleave","Combust"],"floor":14},{"picked":"Barricade","not_picked":["Feed","Reaper"],"floor":16},{"picked":"SKIP","not_picked":["Twin Strike","Dark Embrace+1","Clash"],"floor":18},{"picked":"Headbutt","not_picked":["Intimidate","Sentinel+1"],"floor":20}],"event_choices":[{"event_name":"Golden Idol","player_choice":"Take Damage","floor":3,"cards_obtained":null,"cards_removed":null,"cards_transformed":null,"cards_upgraded":null,"relics_obtained":["Golden Idol"],"potions_obtained":null,"relics_lost":null,"damage_taken":20,"damage_healed":0,"max_hp_loss":0,"max_hp_gain":0,"gold_gain":0,"gold_loss":0},{"event_name":"The Cleric","player_choice":"Card Removal","floor":4,"cards_obtained":null,"cards_removed":["Strike_R"],"cards_transformed":null,"cards_upgraded":null,"relics_obtained":null,"potions_obtained":null,"relics_lost":null,"damage_taken":0,"damage_healed":0,"max_hp_loss":0,"max_hp_gain":0,"gold_gain":0,"gold_loss":50},{"event_name":"Bonfire Elementals","player_choice":"Offered Basic","floor":5,"cards_obtained":null,"cards_removed":["Strike_R"],"cards_transformed":null,"cards_upgraded":null,"relics_obtained":null,"potions_obtained":null,"relics_lost":null,"damage_taken":0,"damage_healed":0,"max_hp_loss":0,"max_hp_gain":0,"gold_gain":0,"gold_loss":0},{"event_name":"Liars Game","player_choice":"AGREE","floor":13,"cards_obtained":["Doubt"],"cards_removed":null,"cards_transformed":null,"cards_upgraded":null,"relics_obtained":null,"potions_obtained":null,"relics_lost":null,"damage_taken":0,"damage_healed":0,"max_hp_loss":0,"max_hp_gain":0,"gold_gain":175,"gold_loss":0},{"event_name":"Cursed Tome","player_choice":"Obtained Book","floor":19,"cards_obtained":null,"cards_removed":null,"cards_transformed":null,"cards_upgraded":null,"relics_obtained":null,"potions_obtained":null,"relics_lost":null,"damage_taken":16,"damage_healed":0,"max_hp_loss":0,"max_hp_gain":0,"gold_gain":0,"gold_loss":0}],"boss_relics":[{"picked":"Astrolabe","not_picked":["Fusion Hammer","Empty Cage"]}],"damage_taken":[{"floor":1,"enemies":"Jaw Worm","damage":0,"turns":1},{"floor":2,"enemies":"2 Louse","damage":0,"turns":1},{"floor":6,"enemies":"Lagavulin","damage":0,"turns":2},{"floor":7,"enemies":"Cultist","damage":1,"turns":3},{"floor":11,"enemies":"Gremlin Nob","damage":32,"turns":4},{"floor":12,"enemies":"Looter","damage":3,"turns":3},{"floor":14,"enemies":"2 Fungi Beasts","damage":1,"turns":3},{"floor":16,"enemies":"Slime Boss","damage":66,"turns":11},{"floor":18,"enemies":"Spheric Guardian","damage":15,"turns":4},{"floor":20,"enemies":"Chosen","damage":12,"turns":3},{"floor":21,"enemies":"Shelled Parasite and Fungi","damage":38,"turns":3}],"potions_obtained":[{"key":"Dexterity Potion","floor":1},{"key":"Dexterity Potion","floor":7},{"key":"Strength Potion","floor":12},{"key":"GamblersBrew","floor":16},{"key":"Energy Potion","floor":20}],"relics_obtained":[{"key":"Pantograph","floor":6},{"key":"Bronze Scales","floor":9},{"key":"Ginger","floor":11},{"key":"Nilry's Codex","floor":19}],"campfire_choices":[{"floor":8,"key":"SMITH","data":"Bash"},{"floor":10,"key":"SMITH","data":"Carnage"},{"floor":15,"key":"SMITH","data":"Inflame"}],"circlet_count":0,"win_rate":0,"killed_by":"Shelled Parasite and Fungi"}