{"play_id":"0ecbcbd1-8122-4a96-bf1c-db41a062c2d5","build_version":"2020-01-27","seed_played":"2966926414221910397","chose_seed":false,"seed_source_timestamp":0,"is_daily":false,"special_seed":0,"is_trial":false,"is_endless":false,"is_ascension_mode":true,"ascension_level":10,"neow_bonus":"ONE_RARE_RELIC","neow_cost":"TEN_PERCENT_HP_LOSS","is_beta":false,"is_prod":false,"victory":false,"floor_reached":24,"score":300,"timestamp":1700620097,"local_time":"11/22/2023 02:28:17","playtime":893,"player_experience":370944,"master_deck":["AscendersBane","Strike_R","Defend_R","Defend_R","Defend_R","Defend_R","Bash+1","Ghostly Armor","Hemokinesis+1","Rupture","Disarm+1","Uppercut+1","Thunderclap","Shrug It Off","Barricade","Reckless Charge+1","Rage+1","True Grit+1"],"relics":["Burning Blood","Turnip","Lantern","Regal Pillow","Anchor","Blood Vial","Smiling Mask","Astrolabe"],"gold":429,"campfire_rested":1,"campfire_upgraded":4,"purchased_purges":1,"potions_floor_spawned":[5,8,11,16,18],"potions_floor_usage":[24,24,24],"current_hp_per_floor":[72,72,61,61,62,62,47,49,49,49,35,35,35,35,35,19,59,58,58,58,7,7,43,0],"max_hp_per_floor":[72,72,72,72,72,72,72,72,72,72,72,72,72,72,72,72,72,72,72,72,72,72,72,72],"gold_per_floor":[113,113,188,4,19,19,48,63,115,115,146,146,170,345,345,448,448,465,465,465,479,429,429,429],"path_per_floor":["M","?","?","$","M","R","E","M","T","R","E","R","T","?","R","B","ul","M","?","?","M","$","R","E"],"path_taken":["M","?","?","?","M","R","E","M","T","R","E","R","?","?","R","BOSS","M","?","?","M","$","R","E"],"items_purchased":["Lantern","Rupture"],"item_purchase_floors":[4,4],"items_purged":["Doubt"],"items_purged_floors":[22],"character_chosen":"IRONCLAD","card_choices":[{"picked":"Ghostly Armor","not_picked":["Headbutt","Shrug It Off"],"floor":1},{"picked":"Disarm","not_picked":["Dual Wield","Perfected Strike"],"floor":5},{"picked":"Uppercut","not_picked":["Warcry","Battle Trance"],"floor":7},{"picked":"Thunderclap","not_picked":["Battle Trance","Warcry"],"floor":8},{"picked":"Shrug It Off","not_picked":["Metallicize","Flex"],"floor":11},{"picked":"Barricade","not_picked":["Impervious","Bludgeon"],"floor":16},{"picked":"SKIP","not_picked":["Dual Wield","Clothesline+1","Pommel Strike"],"floor":18},{"picked":"SKIP","not_picked":["Sword Boomerang","Anger","Armaments"],"floor":21}],"event_choices":[{"event_name":"Living Wall","player_choice":"Change","floor":2,"cards_obtained":["Hemokinesis"],"cards_removed":null,"cards_transformed":["Strike_R"],"cards_upgraded":null,"relics_obtained":null,"potions_obtained":null,"relics_lost":null,"damage_taken":0,"damage_healed":0,"max_hp_loss":0,"max_hp_gain":0,"gold_gain":0,"gold_loss":0},{"event_name":"World of Goop","player_choice":"Gather Gold","floor":3,"cards_obtained":null,"cards_removed":null,"cards_transformed":null,"cards_upgraded":null,"relics_obtained":null,"potions_obtained":null,"relics_lost":null,"damage_taken":11,"damage_healed":0,"max_hp_loss":0,"max_hp_gain":0,"gold_gain":75,"gold_loss":0},{"event_name":"Liars Game","player_choice":"AGREE","floor":14,"cards_obtained":["Doubt"],"cards_removed":null,"cards_transformed":null,"cards_upgraded":null,"relics_obtained":null,"potions_obtained":null,"relics_lost":null,"damage_taken":0,"damage_healed":0,"max_hp_loss":0,"max_hp_gain":0,"gold_gain":175,"gold_loss":0},{"event_name":"Ghosts","player_choice":"Ignored","floor":19,"cards_obtained":null,"cards_removed":null,"cards_transformed":null,"cards_upgraded":null,"relics_obtained":null,"potions_obtained":null,"relics_lost":null,"damage_taken":0,"damage_healed":0,"max_hp_loss":0,"max_hp_gain":0,"gold_gain":0,"gold_loss":0},{"event_name":"Cursed Tome","player_choice":"Ignored","floor":20,"cards_obtained":null,"cards_removed":null,"cards_transformed":null,"cards_upgraded":null,"relics_obtained":null,"potions_obtained":null,"relics_lost":null,"damage_taken":0,"damage_healed":0,"max_hp_loss":0,"max_hp_gain":0,"gold_gain":0,"gold_loss":0}],"boss_relics":[{"picked":"Astrolabe","not_picked":["SacredBark","Snecko Eye"]}],"damage_taken":[{"floor":1,"enemies":"Small Slimes","damage":4,"turns":5},{"floor":5,"enemies":"2 Louse","damage":5,"turns":2},{"floor":7,"enemies":"3 Sentries","damage":21,"turns":10},{"floor":8,"enemies":"Jaw Worm","damage":4,"turns":3},{"floor":11,"enemies":"Lagavulin","damage":20,"turns":7},{"floor":16,"enemies":"The Guardian","damage":24,"turns":14},{"floor":18,"enemies":"Spheric Guardian","damage":9,"turns":8},{"floor":21,"enemies":"3 Byrds","damage":59,"turns":9},{"floor":24,"enemies":"Slavers","damage":59,"turns":5}],"potions_obtained":[{"key":"BlessingOfTheForge","floor":5},{"key":"EssenceOfSteel","floor":8},{"key":"PowerPotion","floor":11},{"key":"GamblersBrew","floor":16},{"key":"BloodPotion","floor":18}],"relics_obtained":[{"key":"Regal Pillow","floor":7},{"key":"Anchor","floor":9},{"key":"Blood Vial","floor":11},{"key":"Smiling Mask","floor":13}],"campfire_choices":[{"floor":6,"key":"SMITH","data":"Bash"},{"floor":10,"key":"SMITH","data":"Uppercut"},{"floor":12,"key":"SMITH","data":"Hemokinesis"},{"floor":15,"key":"SMITH","data":"Disarm"},{"floor":23,"key":"REST"}],"circlet_count":0,"win_rate":0,"killed_by":"Slavers"}