{"play_id":"c7333192-c6e8-4f89-a1ec-bec2663c28d2","build_version":"2020-01-27","seed_played":"-638256682627540429","chose_seed":false,"seed_source_timestamp":0,"is_daily":false,"special_seed":0,"is_trial":false,"is_endless":false,"is_ascension_mode":true,"ascension_level":13,"neow_bonus":"BOSS_RELIC","neow_cost":"NONE","is_beta":false,"is_prod":false,"victory":false,"floor_reached":33,"score":492,"timestamp":1711511272,"local_time":"03/27/2024 03:47:52","playtime":1802,"player_experience":596352,"master_deck":["AscendersBane","Defend_R","Defend_R","Defend_R","Bash","Iron Wave","Shockwave+1","Feel No Pain+1","Flame Barrier","Power Through","Twin Strike+1","True Grit","Feed+1","Iron Wave","Exhume+1","Juggernaut+1","Clothesline+1","Burning Pact+1","Seeing Red","Carnage","Sever Soul","Perfected Strike","Perfected Strike"],"relics":["Mark of Pain","Pantograph","Vajra","Juzu Bracelet","Astrolabe","Nilry's Codex","Bottled Tornado","Smiling Mask","White Beast Statue","Orichalcum"],"gold":326,"campfire_rested":2,"campfire_upgraded":5,"purchased_purges":0,"potions_floor_spawned":[1,8,13,14,16,18,27,28,30],"potions_floor_usage":[30,33,33],"current_hp_per_floor":[66,71,71,71,66,66,66,66,66,44,44,44,42,45,45,20,74,65,49,49,49,47,47,32,32,32,26,19,47,37,37,67,0],"max_hp_per_floor":[80,85,85,85,85,85,85,85,85,85,85,85,85,88,88,92,92,92,92,92,92,96,96,96,96,96,96,96,96,100,100,100,100],"gold_per_floor":[110,110,110,40,54,54,54,64,90,120,98,98,118,132,132,206,206,222,222,222,222,235,235,270,270,270,284,296,296,326,326,326,326],"path_per_floor":["M","?","?","$","M","R","T","M","T","E","$","R","M","M","R","B","ul","M","?","T","?","M","R","E","R","T","M","M","R","E","?","R","B"],"path_taken":["M","?","?","$","M","R","?","?","T","E","?","R","M","M","R","BOSS","M","?","?","?","M","R","E","R","T","M","M","R","E","?","R","BOSS"],"items_purchased":["Feel No Pain","True Grit"],"item_purchase_floors":[4,11],"items_purged":[],"items_purged_floors":[],"character_chosen":"IRONCLAD","card_choices":[{"picked":"Iron Wave","not_picked":["Dark Embrace","Flex"],"floor":1},{"picked":"Flame Barrier","not_picked":["Body Slam","Rupture"],"floor":5},{"picked":"Power Through","not_picked":["Warcry","Clothesline"],"floor":8},{"picked":"Twin Strike","not_picked":["Warcry","Searing Blow"],"floor":10},{"picked":"Feed","not_picked":["Entrench","Armaments"],"floor":13},{"picked":"Iron Wave","not_picked":["Shrug It Off","Body Slam"],"floor":14},{"picked":"Exhume","not_picked":["Brutality","Corruption"],"floor":16},{"picked":"SKIP","not_picked":["Clash","Twin Strike","Searing Blow"],"floor":18},{"picked":"Seeing Red","not_picked":["Clothesline+1","Flex"],"floor":22},{"picked":"SKIP","not_picked":["Sentinel","Inflame","Clash+1"],"floor":24},{"picked":"SKIP","not_picked":["Second Wind","Anger","Headbutt"],"floor":27},{"picked":"Carnage","not_picked":["Headbutt","Bloodletting"],"floor":28},{"picked":"Sever Soul","not_picked":["Whirlwind","Juggernaut"],"floor":30}],"event_choices":[{"event_name":"Big Fish","player_choice":"Donut","floor":2,"cards_obtained":null,"cards_removed":null,"cards_transformed":null,"cards_upgraded":null,"relics_obtained":null,"potions_obtained":null,"relics_lost":null,"damage_taken":0,"damage_healed":0,"max_hp_loss":0,"max_hp_gain":5,"gold_gain":0,"gold_loss":0},{"event_name":"Living Wall","player_choice":"Change","floor":3,"cards_obtained":["Shockwave"],"cards_removed":null,"cards_transformed":["Strike_R"],"cards_upgraded":null,"relics_obtained":null,"potions_obtained":null,"relics_lost":null,"damage_taken":0,"damage_healed":0,"max_hp_loss":0,"max_hp_gain":0,"gold_gain":0,"gold_loss":0},{"event_name":"Cursed Tome","player_choice":"Obtained Book","floor":19,"cards_obtained":null,"cards_removed":null,"cards_transformed":null,"cards_upgraded":null,"relics_obtained":null,"potions_obtained":null,"relics_lost":null,"damage_taken":16,"damage_healed":0,"max_hp_loss":0,"max_hp_gain":0,"gold_gain":0,"gold_loss":0},{"event_name":"Vampires","player_choice":"Ignored","floor":21,"cards_obtained":null,"cards_removed":null,"cards_transformed":null,"cards_upgraded":null,"relics_obtained":null,"potions_obtained":null,"relics_lost":null,"damage_taken":0,"damage_healed":0,"max_hp_loss":0,"max_hp_gain":0,"gold_gain":0,"gold_loss":0},{"event_name":"Drug Dealer","player_choice":"Became Test Subject","floor":31,"cards_obtained":["Perfected Strike","Perfected Strike"],"cards_removed":null,"cards_transformed":["Strike_R","Strike_R"],"cards_upgraded":null,"relics_obtained":null,"potions_obtained":null,"relics_lost":null,"damage_taken":0,"damage_healed":0,"max_hp_loss":0,"max_hp_gain":0,"gold_gain":0,"gold_loss":0}],"boss_relics":[{"picked":"Astrolabe","not_picked":["Cursed Key","Velvet Choker"]}],"damage_taken":[{"floor":1,"enemies":"Cultist","damage":6,"turns":4},{"floor":5,"enemies":"2 Louse","damage":5,"turns":4},{"floor":8,"enemies":"Jaw Worm","damage":0,"turns":4},{"floor":10,"enemies":"Lagavulin","damage":22,"turns":8},{"floor":13,"enemies":"Red Slaver","damage":2,"turns":4},{"floor":14,"enemies":"Exordium Wildlife","damage":0,"turns":4},{"floor":16,"enemies":"Slime Boss","damage":54,"turns":13},{"floor":18,"enemies":"Chosen","damage":9,"turns":4},{"floor":22,"enemies":"Shell Parasite","damage":6,"turns":4},{"floor":24,"enemies":"Book of Stabbing","damage":15,"turns":5},{"floor":27,"enemies":"Snecko","damage":6,"turns":5},{"floor":28,"enemies":"Snake Plant","damage":7,"turns":4},{"floor":30,"enemies":"Gremlin Leader","damage":14,"turns":9},{"floor":33,"enemies":"Collector","damage":118,"turns":8}],"potions_obtained":[{"key":"FearPotion","floor":1},{"key":"Dexterity Potion","floor":8},{"key":"Fire Potion","floor":27},{"key":"BloodPotion","floor":30}],"relics_obtained":[{"key":"Pantograph","floor":7},{"key":"Vajra","floor":9},{"key":"Juzu Bracelet","floor":10},{"key":"Nilry's Codex","floor":19},{"key":"Bottled Tornado","floor":20},{"key":"Smiling Mask","floor":24},{"key":"White Beast Statue","floor":26},{"key":"Orichalcum","floor":30}],"campfire_choices":[{"floor":6,"key":"SMITH","data":"Feel No Pain"},{"floor":12,"key":"SMITH","data":"Twin Strike"},{"floor":15,"key":"SMITH","data":"Feed"},{"floor":23,"key":"SMITH","data":"Exhume"},{"floor":25,"key":"SMITH","data":"Shockwave"},{"floor":29,"key":"REST"},{"floor":32,"key":"REST"}],"circlet_count":0,"win_rate":0,"killed_by":"Collector"}