{"play_id":"5569fc5a-ae65-450f-bf1e-36c0ff651fd8","build_version":"2020-01-27","seed_played":"7894286462129844020","chose_seed":false,"seed_source_timestamp":2469539409128,"is_daily":false,"special_seed":null,"is_trial":false,"is_endless":false,"is_ascension_mode":true,"ascension_level":13,"neow_bonus":"ONE_RANDOM_RARE_CARD","neow_cost":"NONE","is_beta":false,"is_prod":false,"victory":false,"floor_reached":23,"score":312,"timestamp":1711196154,"local_time":"03/23/2024 12:15:54","playtime":728,"player_experience":589529,"master_deck":["AscendersBane","Strike_R","Defend_R","Defend_R","Defend_R","Defend_R","Bash","Fiend Fire+1","Anger+1","Cleave","Metallicize","Hemokinesis","Brutality","Cleave+1","Hemokinesis","Blood for Blood+1","Power Through","Fiend Fire","Shrug It Off","Blood for Blood","Inflame","Shrug It Off"],"relics":["Burning Blood","Omamori","Tiny Chest","Golden Idol","Mark of Pain","Whetstone","PreservedInsect"],"gold":135,"campfire_rested":0,"campfire_upgraded":2,"purchased_purges":2,"potions_floor_spawned":[7,10,14,21],"potions_floor_usage":[16,16,23],"current_hp_per_floor":[73,77,77,82,82,82,53,53,53,57,47,47,47,44,44,15,68,46,46,46,27,27,0],"max_hp_per_floor":[80,80,80,85,85,85,85,85,85,85,85,85,85,85,85,85,85,85,85,85,85,85,85],"gold_per_floor":[114,131,21,21,21,21,51,51,106,118,133,24,24,49,49,139,139,158,181,456,470,135,135],"path_per_floor":["M","M","$","?","?","R","E","?","T","M","M","$","?","M","R","B",null,"M","T","?","M","$","E"],"path_taken":["M","M","$","?","?","R","E","?","T","?","M","?","?","M","R","BOSS","M","?","?","?","?","E"],"items_purchased":["Metallicize","Hemokinesis","Power Through","PreservedInsect","Inflame","Shrug It Off"],"item_purchase_floors":[3,3,12,22,22,22],"items_purged":["Strike_R","Strike_R"],"items_purged_floors":[12,22],"character_chosen":"IRONCLAD","card_choices":[{"picked":"Anger","not_picked":["Warcry","Dual Wield"],"floor":1},{"picked":"Cleave","not_picked":["Dual Wield","Pummel"],"floor":2},{"picked":"Cleave","not_picked":["Entrench","Anger"],"floor":7},{"picked":"Hemokinesis","not_picked":["Twin Strike","Flex"],"floor":10},{"picked":"Blood for Blood","not_picked":["Iron Wave","Dark Embrace"],"floor":11},{"picked":"SKIP","not_picked":["Sword Boomerang","Sentinel","Flex"],"floor":14},{"picked":"Fiend Fire","not_picked":["Impervious","Corruption"],"floor":16},{"picked":"Shrug It Off","not_picked":["Intimidate","Clash"],"floor":18},{"picked":"Blood for Blood","not_picked":["Sword Boomerang","Feel No Pain"],"floor":21}],"event_choices":[{"event_name":"Big Fish","player_choice":"Donut","floor":4,"cards_obtained":null,"cards_removed":null,"cards_transformed":null,"cards_upgraded":null,"relics_obtained":null,"potions_obtained":null,"relics_lost":null,"damage_taken":0,"damage_healed":0,"max_hp_loss":0,"max_hp_gain":5,"gold_gain":0,"gold_loss":0},{"event_name":"Living Wall","player_choice":"Change","floor":5,"cards_obtained":["Brutality"],"cards_removed":null,"cards_transformed":["Strike_R"],"cards_upgraded":null,"relics_obtained":null,"potions_obtained":null,"relics_lost":null,"damage_taken":0,"damage_healed":0,"max_hp_loss":0,"max_hp_gain":0,"gold_gain":0,"gold_loss":0},{"event_name":"Purifier","player_choice":"Purged","floor":8,"cards_obtained":null,"cards_removed":["Strike_R"],"cards_transformed":null,"cards_upgraded":null,"relics_obtained":null,"potions_obtained":null,"relics_lost":null,"damage_taken":0,"damage_healed":0,"max_hp_loss":0,"max_hp_gain":0,"gold_gain":0,"gold_loss":0},{"event_name":"Golden Idol","player_choice":"Take Wound","floor":13,"cards_obtained":["Injury"],"cards_removed":null,"cards_transformed":null,"cards_upgraded":null,"relics_obtained":["Golden Idol"],"potions_obtained":null,"relics_lost":null,"damage_taken":0,"damage_healed":0,"max_hp_loss":0,"max_hp_gain":0,"gold_gain":0,"gold_loss":0},{"event_name":"Golden Shrine","player_choice":"Desecrate","floor":20,"cards_obtained":["Regret"],"cards_removed":null,"cards_transformed":null,"cards_upgraded":null,"relics_obtained":null,"potions_obtained":null,"relics_lost":null,"damage_taken":0,"damage_healed":0,"max_hp_loss":0,"max_hp_gain":0,"gold_gain":275,"gold_loss":0}],"boss_relics":[{"picked":"Mark of Pain","not_picked":["Busted Crown","Ectoplasm"]}],"damage_taken":[{"floor":1,"enemies":"Small Slimes","damage":5,"turns":3},{"floor":2,"enemies":"2 Louse","damage":2,"turns":5},{"floor":7,"enemies":"3 Sentries","damage":35,"turns":7},{"floor":10,"enemies":"Cultist","damage":2,"turns":2},{"floor":11,"enemies":"Red Slaver","damage":16,"turns":2},{"floor":14,"enemies":"2 Fungi Beasts","damage":9,"turns":4},{"floor":16,"enemies":"Hexaghost","damage":35,"turns":9},{"floor":18,"enemies":"3 Byrds","damage":28,"turns":6},{"floor":21,"enemies":"Spheric Guardian","damage":25,"turns":4},{"floor":23,"enemies":"Book of Stabbing","damage":27,"turns":2}],"potions_obtained":[{"key":"SkillPotion","floor":7},{"key":"Strength Potion","floor":10},{"key":"ColorlessPotion","floor":21}],"relics_obtained":[{"key":"Omamori","floor":7},{"key":"Tiny Chest","floor":9},{"key":"Whetstone","floor":19}],"campfire_choices":[{"floor":6,"key":"SMITH","data":"Fiend Fire"},{"floor":15,"key":"SMITH","data":"Blood for Blood"}],"circlet_count":0,"win_rate":0,"killed_by":"Book of Stabbing"}