{"play_id":"87ef3314-08d3-4f35-ad3a-1882cd4cfb92","build_version":"2020-01-27","seed_played":"3531982881812469609","chose_seed":false,"seed_source_timestamp":4224530166355,"is_daily":false,"special_seed":null,"is_trial":false,"is_endless":false,"is_ascension_mode":true,"ascension_level":13,"neow_bonus":"ONE_RARE_RELIC","neow_cost":"NO_GOLD","is_beta":false,"is_prod":false,"victory":false,"floor_reached":25,"score":381,"timestamp":1711512597,"local_time":"03/27/2024 04:09:57","playtime":1310,"player_experience":598154,"master_deck":["AscendersBane","Strike_R","Strike_R","Strike_R","Strike_R","Strike_R","Defend_R","Defend_R","Defend_R","Defend_R","Bash","Flame Barrier","Disarm+1","Pain","Sever Soul","Rupture+1","Impervious","CurseOfTheBell","Clothesline","Second Wind","Combust+1","Clash","Pummel"],"relics":["Burning Blood","Champion Belt","WarpedTongs","Magic Flower","Ornamental Fan","Pen Nib","Frozen Egg 2","Calling Bell","Tiny Chest","Pear","Du-Vu Doll","Membership Card","Bronze Scales","MawBank"],"gold":77,"campfire_rested":3,"campfire_upgraded":1,"purchased_purges":0,"potions_floor_spawned":[13,16,18],"potions_floor_usage":[14,20,22,22],"current_hp_per_floor":[72,74,74,74,74,74,26,50,50,26,26,15,18,27,51,14,74,54,54,60,60,44,25,52,0],"max_hp_per_floor":[80,80,80,80,80,80,80,80,80,80,80,80,80,80,80,80,90,90,90,90,90,90,90,90,90],"gold_per_floor":[13,23,23,23,39,39,72,72,72,98,98,173,188,188,188,265,265,276,276,293,6,19,53,65,77],"path_per_floor":["M","M","?","$","M","R","E","R","T","E","?","?","M","M","R","B",null,"M","?","M","$","M","E","R","E"],"path_taken":["M","M","?","$","?","R","E","R","T","E","?","?","M","M","R","BOSS","M","?","M","$","M","E","R","E"],"items_purchased":["Membership Card","Bronze Scales","Combust+1","PowerPotion"],"item_purchase_floors":[21,21,21,21],"items_purged":[],"items_purged_floors":[],"character_chosen":"IRONCLAD","card_choices":[{"picked":"Flame Barrier","not_picked":["Headbutt","Shrug It Off"],"floor":1},{"picked":"Disarm","not_picked":["Hemokinesis","Shrug It Off"],"floor":2},{"picked":"SKIP","not_picked":["Power Through","Cleave","Thunderclap"],"floor":5},{"picked":"SKIP","not_picked":["Body Slam","Searing Blow","Twin Strike"],"floor":7},{"picked":"Sever Soul","not_picked":["Entrench","Thunderclap"],"floor":10},{"picked":"Rupture+1","not_picked":["Thunderclap","Pummel"],"floor":13},{"picked":"Impervious","not_picked":["Offering","Demon Form+1"],"floor":16},{"picked":"Clothesline","not_picked":["Havoc","Iron Wave"],"floor":18},{"picked":"SKIP","not_picked":["Intimidate","Havoc","Cleave"],"floor":20},{"picked":"Clash","not_picked":["Clothesline","Anger"],"floor":22},{"picked":"Pummel","not_picked":["Rampage","Demon Form+1"],"floor":23}],"event_choices":[{"event_name":"Accursed Blacksmith","player_choice":"Rummage","floor":3,"cards_obtained":["Pain"],"cards_removed":null,"cards_transformed":null,"cards_upgraded":null,"relics_obtained":["WarpedTongs"],"potions_obtained":null,"relics_lost":null,"damage_taken":0,"damage_healed":0,"max_hp_loss":0,"max_hp_gain":0,"gold_gain":0,"gold_loss":0},{"event_name":"Dead Adventurer","player_choice":"Searched '1' times","floor":11,"cards_obtained":null,"cards_removed":null,"cards_transformed":null,"cards_upgraded":null,"relics_obtained":["Frozen Egg 2"],"potions_obtained":null,"relics_lost":null,"damage_taken":0,"damage_healed":0,"max_hp_loss":0,"max_hp_gain":0,"gold_gain":0,"gold_loss":0},{"event_name":"World of Goop","player_choice":"Gather Gold","floor":12,"cards_obtained":null,"cards_removed":null,"cards_transformed":null,"cards_upgraded":null,"relics_obtained":null,"potions_obtained":null,"relics_lost":null,"damage_taken":11,"damage_healed":0,"max_hp_loss":0,"max_hp_gain":0,"gold_gain":75,"gold_loss":0},{"event_name":"The Library","player_choice":"Read","floor":19,"cards_obtained":["Second Wind"],"cards_removed":null,"cards_transformed":null,"cards_upgraded":null,"relics_obtained":null,"potions_obtained":null,"relics_lost":null,"damage_taken":0,"damage_healed":0,"max_hp_loss":0,"max_hp_gain":0,"gold_gain":0,"gold_loss":0}],"boss_relics":[{"picked":"Calling Bell","not_picked":["Velvet Choker","Runic Dome"]}],"damage_taken":[{"floor":1,"enemies":"Jaw Worm","damage":6,"turns":5},{"floor":2,"enemies":"Cultist","damage":4,"turns":3},{"floor":5,"enemies":"Small Slimes","damage":6,"turns":5},{"floor":7,"enemies":"3 Sentries","damage":54,"turns":11},{"floor":10,"enemies":"Lagavulin","damage":33,"turns":9},{"floor":13,"enemies":"Looter","damage":6,"turns":4},{"floor":14,"enemies":"Lots of Slimes","damage":0,"turns":1},{"floor":16,"enemies":"The Guardian","damage":46,"turns":12},{"floor":18,"enemies":"3 Byrds","damage":29,"turns":6},{"floor":20,"enemies":"Spheric Guardian","damage":30,"turns":4},{"floor":22,"enemies":"Centurion and Healer","damage":25,"turns":6},{"floor":23,"enemies":"Book of Stabbing","damage":28,"turns":6},{"floor":25,"enemies":"Gremlin Leader","damage":59,"turns":5}],"potions_obtained":[{"key":"SmokeBomb","floor":13},{"key":"BloodPotion","floor":16},{"key":"FearPotion","floor":18}],"relics_obtained":[{"key":"Magic Flower","floor":7},{"key":"Ornamental Fan","floor":9},{"key":"Pen Nib","floor":10},{"key":"Tiny Chest","floor":17},{"key":"Pear","floor":17},{"key":"Du-Vu Doll","floor":17},{"key":"MawBank","floor":23}],"campfire_choices":[{"floor":6,"key":"SMITH","data":"Disarm"},{"floor":8,"key":"REST"},{"floor":15,"key":"REST"},{"floor":24,"key":"REST"}],"circlet_count":0,"win_rate":0,"killed_by":"Gremlin Leader"}