{"play_id":"16d13213-aa53-4208-af8c-f989b8500bfd","build_version":"2020-01-27","seed_played":"-1272074119672044837","chose_seed":false,"seed_source_timestamp":1184369282426,"is_daily":false,"special_seed":null,"is_trial":false,"is_endless":false,"is_ascension_mode":true,"ascension_level":13,"neow_bonus":"RANDOM_COMMON_RELIC","neow_cost":"NONE","is_beta":false,"is_prod":false,"victory":false,"floor_reached":6,"score":56,"timestamp":1711987274,"local_time":"04/01/2024 16:01:14","playtime":179,"player_experience":607172,"master_deck":["AscendersBane","Strike_R","Strike_R","Strike_R","Strike_R","Defend_R","Defend_R","Defend_R","Defend_R","Bash","Headbutt","Doubt","Anger"],"relics":["Burning Blood","Tiny Chest"],"gold":374,"campfire_rested":0,"campfire_upgraded":0,"purchased_purges":0,"potions_floor_spawned":[1],"potions_floor_usage":[4],"current_hp_per_floor":[66,59,59,53,42,0],"max_hp_per_floor":[80,80,80,80,80,80],"gold_per_floor":[110,110,285,299,374,374],"path_per_floor":["M","?","?","M","?","E"],"path_taken":["M","?","?","M","?","E"],"items_purchased":[],"item_purchase_floors":[],"items_purged":[],"items_purged_floors":[],"character_chosen":"IRONCLAD","card_choices":[{"picked":"Headbutt","not_picked":["Havoc","Anger"],"floor":1},{"picked":"Anger","not_picked":["Pommel Strike","Clothesline"],"floor":4}],"event_choices":[{"event_name":"Golden Wing","player_choice":"Card Removal","floor":2,"cards_obtained":null,"cards_removed":["Strike_R"],"cards_transformed":null,"cards_upgraded":null,"relics_obtained":null,"potions_obtained":null,"relics_lost":null,"damage_taken":7,"damage_healed":0,"max_hp_loss":0,"max_hp_gain":0,"gold_gain":0,"gold_loss":0},{"event_name":"Liars Game","player_choice":"AGREE","floor":3,"cards_obtained":["Doubt"],"cards_removed":null,"cards_transformed":null,"cards_upgraded":null,"relics_obtained":null,"potions_obtained":null,"relics_lost":null,"damage_taken":0,"damage_healed":0,"max_hp_loss":0,"max_hp_gain":0,"gold_gain":175,"gold_loss":0},{"event_name":"World of Goop","player_choice":"Gather Gold","floor":5,"cards_obtained":null,"cards_removed":null,"cards_transformed":null,"cards_upgraded":null,"relics_obtained":null,"potions_obtained":null,"relics_lost":null,"damage_taken":11,"damage_healed":0,"max_hp_loss":0,"max_hp_gain":0,"gold_gain":75,"gold_loss":0}],"boss_relics":[],"damage_taken":[{"floor":1,"enemies":"2 Louse","damage":12,"turns":4},{"floor":4,"enemies":"Jaw Worm","damage":12,"turns":2},{"floor":6,"enemies":"Lagavulin","damage":55,"turns":6}],"potions_obtained":[{"key":"SteroidPotion","floor":1}],"relics_obtained":[],"campfire_choices":[],"circlet_count":0,"win_rate":0,"killed_by":"Lagavulin"}