{"play_id":"4a57d428-4426-46d0-af0b-955d35006281","build_version":"2020-01-27","seed_played":"8808313346925747778","chose_seed":false,"seed_source_timestamp":456110156309,"is_daily":false,"special_seed":null,"is_trial":false,"is_endless":false,"is_ascension_mode":true,"ascension_level":13,"neow_bonus":"BOSS_RELIC","neow_cost":"NONE","is_beta":false,"is_prod":false,"victory":false,"floor_reached":16,"score":264,"timestamp":1712893696,"local_time":"04/12/2024 03:48:16","playtime":733,"player_experience":612477,"master_deck":["AscendersBane","Strike_R","Strike_R","Strike_R","Defend_R","Defend_R","Defend_R","Bash","Rupture+1","Clash","Hemokinesis","Twin Strike","Shrug It Off","Fiend Fire","Uppercut","Flex","Impervious"],"relics":["Runic Cube","Blood Vial","PreservedInsect","Shuriken","Membership Card","HornCleat"],"gold":54,"campfire_rested":1,"campfire_upgraded":1,"purchased_purges":1,"potions_floor_spawned":[4,6,8,14],"potions_floor_usage":[6,14,16,16],"current_hp_per_floor":[62,62,62,55,52,20,44,29,29,29,26,26,26,13,13,0],"max_hp_per_floor":[80,80,80,80,80,80,80,80,80,80,80,80,80,80,80,80],"gold_per_floor":[110,35,35,54,67,94,94,109,109,182,193,193,23,54,54,54],"path_per_floor":["M","$","?","M","M","E","R","M","T","T","M","?","$","E","R","B"],"path_taken":["M","$","?","M","M","E","R","M","T","?","M","?","$","E","R","BOSS"],"items_purchased":["Membership Card","Flex"],"item_purchase_floors":[13,13],"items_purged":["Strike_R"],"items_purged_floors":[2],"character_chosen":"IRONCLAD","card_choices":[{"picked":"Rupture","not_picked":["Perfected Strike","Clothesline"],"floor":1},{"picked":"Hemokinesis","not_picked":["Body Slam","Sever Soul"],"floor":4},{"picked":"SKIP","not_picked":["Feel No Pain","Warcry","Havoc"],"floor":5},{"picked":"Twin Strike","not_picked":["Dual Wield","Warcry"],"floor":6},{"picked":"Shrug It Off","not_picked":["True Grit","Dual Wield"],"floor":8},{"picked":"Fiend Fire","not_picked":["Clothesline","Thunderclap"],"floor":11},{"picked":"Impervious","not_picked":["Thunderclap","Twin Strike"],"floor":14}],"event_choices":[{"event_name":"Living Wall","player_choice":"Change","floor":3,"cards_obtained":["Clash"],"cards_removed":null,"cards_transformed":["Strike_R"],"cards_upgraded":null,"relics_obtained":null,"potions_obtained":null,"relics_lost":null,"damage_taken":0,"damage_healed":0,"max_hp_loss":0,"max_hp_gain":0,"gold_gain":0,"gold_loss":0},{"event_name":"Transmorgrifier","player_choice":"Transformed","floor":12,"cards_obtained":["Uppercut"],"cards_removed":null,"cards_transformed":["Defend_R"],"cards_upgraded":null,"relics_obtained":null,"potions_obtained":null,"relics_lost":null,"damage_taken":0,"damage_healed":0,"max_hp_loss":0,"max_hp_gain":0,"gold_gain":0,"gold_loss":0}],"boss_relics":[],"damage_taken":[{"floor":1,"enemies":"Cultist","damage":10,"turns":4},{"floor":4,"enemies":"Jaw Worm","damage":7,"turns":3},{"floor":5,"enemies":"2 Louse","damage":3,"turns":3},{"floor":6,"enemies":"Lagavulin","damage":32,"turns":5},{"floor":8,"enemies":"Red Slaver","damage":17,"turns":3},{"floor":11,"enemies":"3 Louse","damage":5,"turns":4},{"floor":14,"enemies":"3 Sentries","damage":15,"turns":4}],"potions_obtained":[{"key":"SkillPotion","floor":4},{"key":"SpeedPotion","floor":6},{"key":"Fire Potion","floor":8},{"key":"CultistPotion","floor":14}],"relics_obtained":[{"key":"Blood Vial","floor":6},{"key":"PreservedInsect","floor":9},{"key":"Shuriken","floor":10},{"key":"HornCleat","floor":14}],"campfire_choices":[{"floor":7,"key":"REST"},{"floor":15,"key":"SMITH","data":"Rupture"}],"circlet_count":0,"win_rate":0,"killed_by":"The Guardian"}