{"play_id":"f6629685-fee1-4243-8e8b-7a6949faf95d","build_version":"2020-01-27","seed_played":"5965441661270677346","chose_seed":false,"seed_source_timestamp":0,"is_daily":false,"special_seed":0,"is_trial":false,"is_endless":false,"is_ascension_mode":true,"ascension_level":13,"neow_bonus":"TEN_PERCENT_HP_BONUS","neow_cost":"NONE","is_beta":false,"is_prod":false,"victory":false,"floor_reached":23,"score":351,"timestamp":1712110893,"local_time":"04/03/2024 02:21:33","playtime":1031,"player_experience":607351,"master_deck":["AscendersBane","Strike_R","Defend_R","Defend_R","Defend_R","Bash","True Grit","Metallicize","Clothesline","Anger+1","Demon Form+1","Sword Boomerang","Offering","Double Tap","Disarm","Blood for Blood+1","Shockwave"],"relics":["Burning Blood","White Beast Statue","Centennial Puzzle","Smiling Mask","Happy Flower","Molten Egg 2","Empty Cage"],"gold":311,"campfire_rested":0,"campfire_upgraded":2,"purchased_purges":2,"potions_floor_spawned":[5,8,12,14,16,18,19,20,21,22],"potions_floor_usage":[23,23],"current_hp_per_floor":[80,69,69,66,69,51,51,35,35,35,35,40,28,26,26,11,69,67,51,45,41,9,0],"max_hp_per_floor":[88,88,88,88,88,88,88,88,88,88,88,88,88,88,88,88,88,88,88,88,88,88,88],"gold_per_floor":[112,187,72,89,103,132,32,61,111,111,111,121,121,156,156,229,229,247,263,280,296,311,311],"path_per_floor":["M","?","$","M","M","E","$","E","T","?","R","M","?","E","R","B","ul","M","M","M","M","M","E"],"path_taken":["M","?","$","M","M","E","$","E","T","?","R","M","?","E","R","BOSS","M","M","M","M","M","E"],"items_purchased":["Metallicize"],"item_purchase_floors":[3],"items_purged":["Defend_R","Strike_R"],"items_purged_floors":[3,7],"character_chosen":"IRONCLAD","card_choices":[{"picked":"True Grit","not_picked":["Seeing Red","Body Slam"],"floor":1},{"picked":"Clothesline","not_picked":["Pummel","True Grit"],"floor":4},{"picked":"Anger","not_picked":["Intimidate","Reckless Charge"],"floor":5},{"picked":"Demon Form","not_picked":["Perfected Strike","Shockwave"],"floor":6},{"picked":"Sword Boomerang","not_picked":["Pommel Strike","Second Wind"],"floor":8},{"picked":"SKIP","not_picked":["Iron Wave","Clash","Twin Strike"],"floor":12},{"picked":"Offering","not_picked":["Bludgeon+1","Sword Boomerang+1"],"floor":14},{"picked":"Double Tap","not_picked":["Corruption","Brutality"],"floor":16},{"picked":"SKIP","not_picked":["Searing Blow+1","Blood for Blood+1","True Grit+1"],"floor":18},{"picked":"Disarm","not_picked":["Clothesline+1","Inflame"],"floor":19},{"picked":"Blood for Blood+1","not_picked":["Feel No Pain","Reckless Charge+1"],"floor":20},{"picked":"SKIP","not_picked":["Sentinel","Thunderclap+1","True Grit"],"floor":21},{"picked":"Shockwave","not_picked":["Clash+1","Infernal Blade"],"floor":22}],"event_choices":[{"event_name":"World of Goop","player_choice":"Gather Gold","floor":2,"cards_obtained":null,"cards_removed":null,"cards_transformed":null,"cards_upgraded":null,"relics_obtained":null,"potions_obtained":null,"relics_lost":null,"damage_taken":11,"damage_healed":0,"max_hp_loss":0,"max_hp_gain":0,"gold_gain":75,"gold_loss":0},{"event_name":"Living Wall","player_choice":"Forget","floor":10,"cards_obtained":null,"cards_removed":["Strike_R"],"cards_transformed":null,"cards_upgraded":null,"relics_obtained":null,"potions_obtained":null,"relics_lost":null,"damage_taken":0,"damage_healed":0,"max_hp_loss":0,"max_hp_gain":0,"gold_gain":0,"gold_loss":0},{"event_name":"Scrap Ooze","player_choice":"Success","floor":13,"cards_obtained":null,"cards_removed":null,"cards_transformed":null,"cards_upgraded":null,"relics_obtained":["Happy Flower"],"potions_obtained":null,"relics_lost":null,"damage_taken":12,"damage_healed":0,"max_hp_loss":0,"max_hp_gain":0,"gold_gain":0,"gold_loss":0}],"boss_relics":[{"picked":"Empty Cage","not_picked":["Runic Pyramid","Philosopher's Stone"]}],"damage_taken":[{"floor":1,"enemies":"Cultist","damage":6,"turns":3},{"floor":4,"enemies":"Small Slimes","damage":9,"turns":4},{"floor":5,"enemies":"2 Louse","damage":3,"turns":3},{"floor":6,"enemies":"Gremlin Nob","damage":24,"turns":5},{"floor":8,"enemies":"Lagavulin","damage":22,"turns":6},{"floor":12,"enemies":"2 Fungi Beasts","damage":10,"turns":3},{"floor":14,"enemies":"3 Sentries","damage":23,"turns":8},{"floor":16,"enemies":"The Guardian","damage":21,"turns":7},{"floor":18,"enemies":"Chosen","damage":8,"turns":3},{"floor":19,"enemies":"Shell Parasite","damage":22,"turns":5},{"floor":20,"enemies":"Centurion and Healer","damage":12,"turns":5},{"floor":21,"enemies":"Snecko","damage":10,"turns":4},{"floor":22,"enemies":"Shelled Parasite and Fungi","damage":38,"turns":5},{"floor":23,"enemies":"Slavers","damage":17,"turns":1}],"potions_obtained":[{"key":"Regen Potion","floor":5},{"key":"Regen Potion","floor":8},{"key":"Strength Potion","floor":12},{"key":"SpeedPotion","floor":14},{"key":"Energy Potion","floor":16},{"key":"CultistPotion","floor":18},{"key":"CultistPotion","floor":20},{"key":"Regen Potion","floor":22}],"relics_obtained":[{"key":"White Beast Statue","floor":6},{"key":"Centennial Puzzle","floor":8},{"key":"Smiling Mask","floor":9},{"key":"Molten Egg 2","floor":14}],"campfire_choices":[{"floor":11,"key":"SMITH","data":"Anger"},{"floor":15,"key":"SMITH","data":"Demon Form"}],"circlet_count":0,"win_rate":0,"killed_by":"Slavers"}