{"play_id":"a1951ec1-e956-4170-8359-616c3bf2b5d4","build_version":"2020-01-27","seed_played":"2584071313268541286","chose_seed":false,"seed_source_timestamp":0,"is_daily":false,"special_seed":0,"is_trial":false,"is_endless":false,"is_ascension_mode":true,"ascension_level":14,"neow_bonus":"TEN_PERCENT_HP_BONUS","neow_cost":"NONE","is_beta":false,"is_prod":false,"victory":false,"floor_reached":16,"score":190,"timestamp":1723393355,"local_time":"08/11/2024 16:22:35","playtime":679,"player_experience":646134,"master_deck":["AscendersBane","Strike_R","Strike_R","Strike_R","Defend_R+1","Defend_R","Defend_R+1","Defend_R+1","Bash+1","Rupture+1","Thunderclap+1","Carnage+1","Impervious","Combust+1","Rupture","Brutality"],"relics":["Burning Blood","War Paint","Whetstone","Bottled Tornado"],"gold":209,"campfire_rested":0,"campfire_upgraded":2,"purchased_purges":0,"potions_floor_spawned":[1,8,10,12],"potions_floor_usage":[16,16],"current_hp_per_floor":[71,76,76,60,53,53,53,58,58,43,36,42,47,29,29,0],"max_hp_per_floor":[82,82,82,82,82,82,82,82,82,82,82,82,82,82,82,82],"gold_per_floor":[114,128,55,55,55,55,55,71,94,127,143,156,174,209,209,209],"path_per_floor":["M","M","$","?","?","R","?","M","T","E","M","M","M","E","R","B"],"path_taken":["M","M","$","?","?","R","?","M","T","E","M","M","?","E","R","BOSS"],"items_purchased":["Carnage"],"item_purchase_floors":[3],"items_purged":[],"items_purged_floors":[],"character_chosen":"IRONCLAD","card_choices":[{"picked":"Rupture","not_picked":["Armaments","Entrench"],"floor":1},{"picked":"Thunderclap","not_picked":["Body Slam","Feel No Pain"],"floor":2},{"picked":"SKIP","not_picked":["Seeing Red","Clash","Warcry"],"floor":8},{"picked":"Impervious","not_picked":["Shrug It Off","Warcry"],"floor":10},{"picked":"SKIP","not_picked":["Reckless Charge","Perfected Strike","Body Slam"],"floor":11},{"picked":"Combust","not_picked":["Fire Breathing","Rampage"],"floor":12},{"picked":"Rupture","not_picked":["Pommel Strike","Clash"],"floor":13},{"picked":"Brutality","not_picked":["Cleave","Pommel Strike"],"floor":14}],"event_choices":[{"event_name":"Shining Light","player_choice":"Entered Light","floor":4,"cards_obtained":null,"cards_removed":null,"cards_transformed":null,"cards_upgraded":["Defend_R","Rupture"],"relics_obtained":null,"potions_obtained":null,"relics_lost":null,"damage_taken":16,"damage_healed":0,"max_hp_loss":0,"max_hp_gain":0,"gold_gain":0,"gold_loss":0},{"event_name":"Golden Wing","player_choice":"Card Removal","floor":5,"cards_obtained":null,"cards_removed":["Strike_R"],"cards_transformed":null,"cards_upgraded":null,"relics_obtained":null,"potions_obtained":null,"relics_lost":null,"damage_taken":7,"damage_healed":0,"max_hp_loss":0,"max_hp_gain":0,"gold_gain":0,"gold_loss":0},{"event_name":"Purifier","player_choice":"Purged","floor":7,"cards_obtained":null,"cards_removed":["Strike_R"],"cards_transformed":null,"cards_upgraded":null,"relics_obtained":null,"potions_obtained":null,"relics_lost":null,"damage_taken":0,"damage_healed":0,"max_hp_loss":0,"max_hp_gain":0,"gold_gain":0,"gold_loss":0}],"boss_relics":[],"damage_taken":[{"floor":1,"enemies":"2 Louse","damage":10,"turns":5},{"floor":2,"enemies":"Jaw Worm","damage":1,"turns":5},{"floor":8,"enemies":"Cultist","damage":1,"turns":3},{"floor":10,"enemies":"3 Sentries","damage":21,"turns":7},{"floor":11,"enemies":"Blue Slaver","damage":13,"turns":3},{"floor":12,"enemies":"Red Slaver","damage":0,"turns":2},{"floor":13,"enemies":"3 Louse","damage":1,"turns":3},{"floor":14,"enemies":"Lagavulin","damage":24,"turns":6},{"floor":16,"enemies":"Slime Boss","damage":39,"turns":3}],"potions_obtained":[{"key":"CultistPotion","floor":1},{"key":"Fire Potion","floor":8},{"key":"PowerPotion","floor":10}],"relics_obtained":[{"key":"War Paint","floor":9},{"key":"Whetstone","floor":10},{"key":"Bottled Tornado","floor":14}],"campfire_choices":[{"floor":6,"key":"SMITH","data":"Carnage"},{"floor":15,"key":"SMITH","data":"Combust"}],"circlet_count":0,"win_rate":0,"killed_by":"Slime Boss"}