{"play_id":"0e3de5f2-8e4d-4a40-8f6b-dd418596bcd5","build_version":"2020-01-27","seed_played":"-3646789595500284280","chose_seed":false,"seed_source_timestamp":0,"is_daily":false,"special_seed":0,"is_trial":false,"is_endless":false,"is_ascension_mode":true,"ascension_level":14,"neow_bonus":"BOSS_RELIC","neow_cost":"NONE","is_beta":false,"is_prod":false,"victory":false,"floor_reached":21,"score":318,"timestamp":1723394664,"local_time":"08/11/2024 16:44:24","playtime":860,"player_experience":646813,"master_deck":["AscendersBane","Strike_R","Defend_R","Defend_R","Defend_R","Bash+1","Pommel Strike","Cleave","Clothesline","Combust","Rampage+1","Flex","Headbutt","Headbutt","Bludgeon","Exhume+1","Armaments+1","Battle Trance+1"],"relics":["Busted Crown","Incense Burner","Centennial Puzzle","Blood Vial","Juzu Bracelet","Odd Mushroom","Astrolabe"],"gold":209,"campfire_rested":0,"campfire_upgraded":2,"purchased_purges":0,"potions_floor_spawned":[11,16],"potions_floor_usage":[18],"current_hp_per_floor":[68,68,66,56,56,31,31,31,31,31,14,6,31,33,33,13,60,40,33,34,0],"max_hp_per_floor":[75,75,75,75,75,75,75,75,75,75,75,75,75,75,75,75,75,75,75,75,75],"gold_per_floor":[119,69,83,100,100,126,8,8,32,32,67,94,94,107,107,181,181,191,191,209,209],"path_per_floor":["M","?","M","M","T","E","$","R","T","?","E","?","?","M","R","B",null,"M","?","M","M"],"path_taken":["M","?","M","M","?","E","$","R","T","?","E","?","?","M","R","BOSS","M","?","M","M"],"items_purchased":["Combust","Rampage"],"item_purchase_floors":[7,7],"items_purged":[],"items_purged_floors":[],"character_chosen":"IRONCLAD","card_choices":[{"picked":"Pommel Strike","not_picked":[],"floor":1},{"picked":"Cleave","not_picked":[],"floor":3},{"picked":"SKIP","not_picked":["Entrench"],"floor":4},{"picked":"Clothesline","not_picked":[],"floor":6},{"picked":"Headbutt","not_picked":[],"floor":11},{"picked":"Headbutt","not_picked":[],"floor":12},{"picked":"SKIP","not_picked":["Twin Strike"],"floor":14},{"picked":"Bludgeon","not_picked":[],"floor":16},{"picked":"SKIP","not_picked":["Burning Pact"],"floor":18},{"picked":"SKIP","not_picked":["Flex"],"floor":20}],"event_choices":[{"event_name":"The Cleric","player_choice":"Card Removal","floor":2,"cards_obtained":null,"cards_removed":["Strike_R"],"cards_transformed":null,"cards_upgraded":null,"relics_obtained":null,"potions_obtained":null,"relics_lost":null,"damage_taken":0,"damage_healed":0,"max_hp_loss":0,"max_hp_gain":0,"gold_gain":0,"gold_loss":50},{"event_name":"Transmorgrifier","player_choice":"Transformed","floor":10,"cards_obtained":["Flex"],"cards_removed":null,"cards_transformed":["Strike_R"],"cards_upgraded":null,"relics_obtained":null,"potions_obtained":null,"relics_lost":null,"damage_taken":0,"damage_healed":0,"max_hp_loss":0,"max_hp_gain":0,"gold_gain":0,"gold_loss":0},{"event_name":"Mushrooms","player_choice":"Fought Mushrooms","floor":12,"cards_obtained":null,"cards_removed":null,"cards_transformed":null,"cards_upgraded":null,"relics_obtained":null,"potions_obtained":null,"relics_lost":null,"damage_taken":0,"damage_healed":0,"max_hp_loss":0,"max_hp_gain":0,"gold_gain":0,"gold_loss":0},{"event_name":"Big Fish","player_choice":"Banana","floor":13,"cards_obtained":null,"cards_removed":null,"cards_transformed":null,"cards_upgraded":null,"relics_obtained":null,"potions_obtained":null,"relics_lost":null,"damage_taken":0,"damage_healed":25,"max_hp_loss":0,"max_hp_gain":0,"gold_gain":0,"gold_loss":0},{"event_name":"Wheel of Change","player_choice":"Damaged","floor":19,"cards_obtained":null,"cards_removed":null,"cards_transformed":null,"cards_upgraded":null,"relics_obtained":null,"potions_obtained":null,"relics_lost":null,"damage_taken":7,"damage_healed":0,"max_hp_loss":0,"max_hp_gain":0,"gold_gain":0,"gold_loss":0}],"boss_relics":[{"picked":"Astrolabe","not_picked":["Velvet Choker","Runic Pyramid"]}],"damage_taken":[{"floor":1,"enemies":"2 Louse","damage":0,"turns":3},{"floor":3,"enemies":"Jaw Worm","damage":2,"turns":3},{"floor":4,"enemies":"Small Slimes","damage":10,"turns":2},{"floor":6,"enemies":"3 Sentries","damage":25,"turns":8},{"floor":11,"enemies":"Lagavulin","damage":19,"turns":6},{"floor":12,"enemies":"The Mushroom Lair","damage":10,"turns":3},{"floor":14,"enemies":"Red Slaver","damage":0,"turns":2},{"floor":16,"enemies":"Hexaghost","damage":22,"turns":7},{"floor":18,"enemies":"2 Thieves","damage":22,"turns":3},{"floor":20,"enemies":"Spheric Guardian","damage":1,"turns":3},{"floor":21,"enemies":"Shelled Parasite and Fungi","damage":50,"turns":5}],"potions_obtained":[{"key":"Dexterity Potion","floor":11},{"key":"ColorlessPotion","floor":16}],"relics_obtained":[{"key":"Incense Burner","floor":5},{"key":"Centennial Puzzle","floor":6},{"key":"Blood Vial","floor":9},{"key":"Juzu Bracelet","floor":11},{"key":"Odd Mushroom","floor":12}],"campfire_choices":[{"floor":8,"key":"SMITH","data":"Rampage"},{"floor":15,"key":"SMITH","data":"Bash"}],"circlet_count":0,"win_rate":0,"killed_by":"Shelled Parasite and Fungi"}